symbol,price,action_day,time,volume,turnover,bsflag,record_id,order_kind,function_code,ask_order_id,bid_order_id,channel,direction,datetime
000004.SZ,0.000000,20240308,91500040,900,0,32,2703,0,67,0,2702,2013,0,20240308091500040
000004.SZ,0.000000,20240308,91500040,900,0,32,2718,0,67,0,2704,2013,0,20240308091500040
000004.SZ,0.000000,20240308,91502240,100,0,32,177642,0,67,0,4030,2013,0,20240308091502240
000004.SZ,0.000000,20240308,91506290,1000,0,32,216079,0,67,0,214281,2013,0,20240308091506290
000004.SZ,0.000000,20240308,91517040,100,0,32,220934,0,67,0,4384,2013,0,20240308091517040
000004.SZ,0.000000,20240308,91517310,100,0,32,220994,0,67,0,1195,2013,0,20240308091517310
000004.SZ,0.000000,20240308,91517760,100,0,32,221041,0,67,0,1117,2013,0,20240308091517760
000004.SZ,0.000000,20240308,91518150,100,0,32,221092,0,67,0,1198,2013,0,20240308091518150
000004.SZ,0.000000,20240308,91529100,200,0,32,222644,0,67,89288,0,2013,0,20240308091529100
000004.SZ,0.000000,20240308,91529420,5200,0,32,222685,0,67,31900,0,2013,0,20240308091529420
000004.SZ,0.000000,20240308,91537620,100,0,32,224354,0,67,0,131148,2013,0,20240308091537620
000004.SZ,0.000000,20240308,91543230,1700,0,32,225476,0,67,8898,0,2013,0,20240308091543230
000004.SZ,0.000000,20240308,91605730,6800,0,32,230084,0,67,0,185615,2013,0,20240308091605730
000004.SZ,0.000000,20240308,91637060,3500,0,32,236476,0,67,235266,0,2013,0,20240308091637060
000004.SZ,0.000000,20240308,91645690,100,0,32,238298,0,67,0,237050,2013,0,20240308091645690
000004.SZ,0.000000,20240308,91736720,200,0,32,249622,0,67,132296,0,2013,0,20240308091736720
000004.SZ,0.000000,20240308,91752100,3900,0,32,253148,0,67,82684,0,2013,0,20240308091752100
000004.SZ,0.000000,20240308,91800170,6500,0,32,255087,0,67,1352,0,2013,0,20240308091800170
000004.SZ,0.000000,20240308,91800250,13400,0,32,255113,0,67,10231,0,2013,0,20240308091800250
000004.SZ,0.000000,20240308,91800250,14300,0,32,255117,0,67,1355,0,2013,0,20240308091800250
000004.SZ,0.000000,20240308,91839860,100,0,32,265443,0,67,242715,0,2013,0,20240308091839860
000004.SZ,0.000000,20240308,91857020,500,0,32,270067,0,67,237354,0,2013,0,20240308091857020
000004.SZ,0.000000,20240308,91930790,1100,0,32,280144,0,67,182152,0,2013,0,20240308091930790
000004.SZ,0.000000,20240308,91953830,17000,0,32,287586,0,67,279936,0,2013,0,20240308091953830
000004.SZ,13.110000,20240308,92500000,100,1311,66,428981,0,48,4016,62651,2013,1,20240308092500000
000004.SZ,13.110000,20240308,92500000,600,7866,66,428982,0,48,9412,201201,2013,1,20240308092500000
000004.SZ,13.110000,20240308,92500000,100,1311,66,428983,0,48,10297,201201,2013,1,20240308092500000
000004.SZ,13.110000,20240308,92500000,300,3933,66,428984,0,48,10297,295157,2013,1,20240308092500000
000004.SZ,13.110000,20240308,92500000,2200,28842,66,428985,0,48,10297,303294,2013,1,20240308092500000
000004.SZ,13.110000,20240308,92500000,1000,13110,66,428986,0,48,10297,397041,2013,1,20240308092500000
000004.SZ,13.110000,20240308,92500000,200,2622,66,428987,0,48,10297,402162,2013,1,20240308092500000
000004.SZ,13.110000,20240308,92500000,100,1311,66,428988,0,48,36680,402162,2013,1,20240308092500000
000004.SZ,13.110000,20240308,92500000,100,1311,66,428989,0,48,36680,404797,2013,1,20240308092500000
000004.SZ,13.110000,20240308,92500000,200,2622,66,428990,0,48,36680,405063,2013,1,20240308092500000
000004.SZ,13.110000,20240308,92500000,800,10488,66,428991,0,48,78338,405063,2013,1,20240308092500000
000004.SZ,13.110000,20240308,92500000,100,1311,66,428992,0,48,112038,407191,2013,1,20240308092500000
000004.SZ,13.110000,20240308,92500000,100,1311,66,428993,0,48,112038,339843,2013,1,20240308092500000
000004.SZ,13.110000,20240308,92500000,200,2622,66,428994,0,48,115079,339843,2013,1,20240308092500000
000004.SZ,13.110000,20240308,92500000,100,1311,66,428995,0,48,132269,339843,2013,1,20240308092500000
000004.SZ,13.110000,20240308,92500000,400,5244,66,428996,0,48,135090,339843,2013,1,20240308092500000
000004.SZ,13.110000,20240308,92500000,100,1311,66,428997,0,48,167993,339843,2013,1,20240308092500000
000004.SZ,13.110000,20240308,92500000,100,1311,66,428998,0,48,195181,339843,2013,1,20240308092500000
000004.SZ,13.110000,20240308,92500000,500,6555,66,428999,0,48,195181,420353,2013,1,20240308092500000
000004.SZ,13.110000,20240308,92500000,2500,32775,66,429000,0,48,248209,420353,2013,1,20240308092500000
000004.SZ,13.110000,20240308,92500000,100,1311,66,429001,0,48,289932,420353,2013,1,20240308092500000
000004.SZ,13.110000,20240308,92500000,1300,17043,66,429002,0,48,337777,420353,2013,1,20240308092500000
000004.SZ,13.110000,20240308,92500000,1000,13110,66,429003,0,48,353733,420353,2013,1,20240308092500000
000004.SZ,13.110000,20240308,92500000,2200,28842,66,429004,0,48,373171,420353,2013,1,20240308092500000
000004.SZ,13.110000,20240308,92500000,700,9177,66,429005,0,48,373171,421758,2013,1,20240308092500000
000004.SZ,13.110000,20240308,92500000,300,3933,66,429006,0,48,399788,421758,2013,1,20240308092500000
000004.SZ,13.110000,20240308,92500000,1000,13110,66,429007,0,48,401776,421758,2013,1,20240308092500000
000004.SZ,13.110000,20240308,92500000,1300,17043,66,429008,0,48,246861,421758,2013,1,20240308092500000
000004.SZ,13.110000,20240308,92500000,200,2622,66,429009,0,48,246861,370996,2013,1,20240308092500000
000004.SZ,13.110000,20240308,92500000,800,10488,66,429010,0,48,246861,425587,2013,1,20240308092500000
000004.SZ,13.110000,20240308,92500000,800,10488,66,429011,0,48,246861,425758,2013,1,20240308092500000
000004.SZ,13.110000,20240308,92500000,100,1311,66,429012,0,48,246861,366287,2013,1,20240308092500000
000004.SZ,13.110000,20240308,92500000,500,6555,66,429013,0,48,246861,320261,2013,1,20240308092500000
000004.SZ,13.110000,20240308,92500000,1400,18354,66,429014,0,48,246861,343058,2013,1,20240308092500000
000004.SZ,13.110000,20240308,92500000,400,5244,66,429015,0,48,246861,352888,2013,1,20240308092500000
000004.SZ,13.110000,20240308,92500000,100,1311,66,429016,0,48,99785,352888,2013,1,20240308092500000
000004.SZ,13.110000,20240308,92500000,100,1311,83,429017,0,48,371009,75459,2013,2,20240308092500000
000004.SZ,13.110000,20240308,92500000,100,1311,66,429018,0,48,371009,399143,2013,1,20240308092500000
000004.SZ,13.110000,20240308,92500000,200,2622,66,429019,0,48,371059,399143,2013,1,20240308092500000
000004.SZ,13.110000,20240308,92500000,100,1311,83,429020,0,48,415956,399143,2013,2,20240308092500000
000004.SZ,13.110000,20240308,92500000,600,7866,83,429021,0,48,416060,399143,2013,2,20240308092500000
000004.SZ,13.110000,20240308,92500000,900,11799,83,429022,0,48,416060,354679,2013,2,20240308092500000
000004.SZ,13.110000,20240308,92500000,100,1311,83,429023,0,48,416060,407686,2013,2,20240308092500000
000004.SZ,13.110000,20240308,92500000,1000,13110,83,429024,0,48,416060,411417,2013,2,20240308092500000
000004.SZ,13.110000,20240308,92500000,3500,45885,66,429025,0,48,237505,411417,2013,1,20240308092500000
000004.SZ,13.110000,20240308,92500000,500,6555,66,429026,0,48,66750,411417,2013,1,20240308092500000
000004.SZ,13.110000,20240308,92500000,500,6555,66,429027,0,48,66750,298142,2013,1,20240308092500000
000004.SZ,13.110000,20240308,92500000,1100,14421,83,429028,0,48,326407,298142,2013,2,20240308092500000
000004.SZ,13.110000,20240308,92500000,200,2622,83,429029,0,48,315671,298142,2013,2,20240308092500000
000004.SZ,13.110000,20240308,92500000,600,7866,66,429030,0,48,289688,298142,2013,1,20240308092500000
000004.SZ,13.110000,20240308,92500000,100,1311,66,429031,0,48,59191,298142,2013,1,20240308092500000
000004.SZ,13.110000,20240308,92500000,1100,14421,66,429032,0,48,282704,298142,2013,1,20240308092500000
000004.SZ,13.110000,20240308,92500000,200,2622,66,429033,0,48,232014,298142,2013,1,20240308092500000
000004.SZ,13.110000,20240308,92500000,700,9177,66,429034,0,48,296526,298142,2013,1,20240308092500000
000004.SZ,13.110000,20240308,92500000,500,6555,83,429035,0,48,332708,298142,2013,2,20240308092500000
000004.SZ,13.110000,20240308,92500000,2000,26220,66,429036,0,48,332708,368810,2013,1,20240308092500000
000004.SZ,13.110000,20240308,92500000,800,10488,66,429037,0,48,332708,399640,2013,1,20240308092500000
000004.SZ,13.110000,20240308,92500000,1700,22287,66,429038,0,48,332708,427167,2013,1,20240308092500000
000004.SZ,13.110000,20240308,92500000,1300,17043,66,429039,0,48,332796,427167,2013,1,20240308092500000
000004.SZ,13.110000,20240308,92500000,600,7866,66,429040,0,48,348997,427167,2013,1,20240308092500000
000004.SZ,13.110000,20240308,92500000,6300,82593,66,429041,0,48,374972,427167,2013,1,20240308092500000
000004.SZ,13.110000,20240308,92500000,1800,23598,66,429042,0,48,379574,427167,2013,1,20240308092500000
000004.SZ,13.110000,20240308,92500000,900,11799,66,429043,0,48,391572,427167,2013,1,20240308092500000
000004.SZ,13.110000,20240308,92500000,1600,20976,66,429044,0,48,426097,427167,2013,1,20240308092500000
000004.SZ,13.110000,20240308,92500000,12900,169119,83,429045,0,48,426097,256879,2013,2,20240308092500000
000004.SZ,13.110000,20240308,92500000,100,1311,83,429046,0,48,420880,256879,2013,2,20240308092500000
000004.SZ,13.110000,20240308,92500000,300,3933,83,429047,0,48,341194,256879,2013,2,20240308092500000
000004.SZ,13.110000,20240308,92500000,200,2622,83,429048,0,48,378040,256879,2013,2,20240308092500000
000004.SZ,13.110000,20240308,92500000,500,6555,83,429049,0,48,292374,256879,2013,2,20240308092500000
000004.SZ,13.110000,20240308,92500000,500,6555,83,429050,0,48,386149,256879,2013,2,20240308092500000
000004.SZ,13.110000,20240308,92500000,600,7866,83,429051,0,48,395929,256879,2013,2,20240308092500000
000004.SZ,13.110000,20240308,92500000,4300,56373,83,429052,0,48,395929,358711,2013,2,20240308092500000
000004.SZ,13.110000,20240308,92500000,1200,15732,66,429053,0,48,296922,358711,2013,1,20240308092500000
000004.SZ,13.110000,20240308,92500000,600,7866,66,429054,0,48,296922,401058,2013,1,20240308092500000
000004.SZ,13.110000,20240308,92500000,100,1311,83,429055,0,48,418385,401058,2013,2,20240308092500000
000004.SZ,13.110000,20240308,92500000,900,11799,83,429056,0,48,418385,391340,2013,2,20240308092500000
000004.SZ,13.110000,20240308,92500000,2000,26220,83,429057,0,48,391847,391340,2013,2,20240308092500000
000004.SZ,13.110000,20240308,92500000,100,1311,66,429058,0,48,68377,391340,2013,1,20240308092500000
000004.SZ,13.110000,20240308,92500000,500,6555,66,429059,0,48,88406,391340,2013,1,20240308092500000
000004.SZ,13.110000,20240308,92500000,2100,27531,66,429060,0,48,92190,391340,2013,1,20240308092500000
000004.SZ,13.110000,20240308,92500000,100,1311,66,429061,0,48,101313,391340,2013,1,20240308092500000
000004.SZ,13.110000,20240308,92500000,200,2622,66,429062,0,48,121308,391340,2013,1,20240308092500000
000004.SZ,13.110000,20240308,92500000,500,6555,83,429063,0,48,121308,23071,2013,2,20240308092500000
000004.SZ,13.110000,20240308,92500000,500,6555,66,429064,0,48,121308,332276,2013,1,20240308092500000
000004.SZ,13.110000,20240308,92500000,200,2622,66,429065,0,48,211011,332276,2013,1,20240308092500000
000004.SZ,13.110000,20240308,92500000,200,2622,66,429066,0,48,324425,332276,2013,1,20240308092500000
000004.SZ,13.110000,20240308,92500000,200,2622,66,429067,0,48,330694,332276,2013,1,20240308092500000
000004.SZ,13.110000,20240308,92500000,700,9177,83,429068,0,48,338489,332276,2013,2,20240308092500000
000004.SZ,13.110000,20240308,92500000,700,9177,83,429069,0,48,349198,332276,2013,2,20240308092500000
000004.SZ,13.110000,20240308,92500000,700,9177,83,429070,0,48,349198,200084,2013,2,20240308092500000
000004.SZ,13.110000,20240308,92500000,1200,15732,83,429071,0,48,374191,200084,2013,2,20240308092500000
000004.SZ,13.110000,20240308,92500000,200,2622,83,429072,0,48,398918,397899,2013,2,20240308092500000
000004.SZ,13.110000,20240308,92500000,200,2622,83,429073,0,48,398918,348817,2013,2,20240308092500000
000004.SZ,13.110000,20240308,92500000,1800,23598,83,429074,0,48,400933,348817,2013,2,20240308092500000
000004.SZ,13.110000,20240308,92500000,500,6555,66,429075,0,48,129504,348817,2013,1,20240308092500000
000004.SZ,13.110000,20240308,92500000,1000,13110,66,429076,0,48,148193,348817,2013,1,20240308092500000
000004.SZ,13.110000,20240308,92500000,200,2622,66,429077,0,48,188688,348817,2013,1,20240308092500000
000004.SZ,13.110000,20240308,92500000,200,2622,66,429078,0,48,214739,348817,2013,1,20240308092500000
000004.SZ,13.110000,20240308,92500000,3700,48507,66,429079,0,48,276496,348817,2013,1,20240308092500000
000004.SZ,13.110000,20240308,92500000,1500,19665,66,429080,0,48,276496,384951,2013,1,20240308092500000
000004.SZ,13.110000,20240308,92500000,300,3933,66,429081,0,48,276496,392862,2013,1,20240308092500000
000004.SZ,13.110000,20240308,92500000,400,5244,66,429082,0,48,280735,392862,2013,1,20240308092500000
000004.SZ,13.110000,20240308,92500000,900,11799,66,429083,0,48,280735,304959,2013,1,20240308092500000
000004.SZ,13.110000,20240308,92500000,3700,48507,66,429084,0,48,280735,392159,2013,1,20240308092500000
000004.SZ,13.110000,20240308,92500000,3000,39330,66,429085,0,48,281948,392159,2013,1,20240308092500000
000004.SZ,13.110000,20240308,92500000,1000,13110,83,429086,0,48,281948,115287,2013,2,20240308092500000
000004.SZ,13.110000,20240308,92500000,100,1311,83,429087,0,48,281948,76044,2013,2,20240308092500000
000004.SZ,13.110000,20240308,92500000,600,7866,66,429088,0,48,281948,282852,2013,1,20240308092500000
000004.SZ,13.110000,20240308,92500000,500,6555,83,429089,0,48,291687,282852,2013,2,20240308092500000
000004.SZ,13.110000,20240308,92500000,400,5244,83,429090,0,48,296151,282852,2013,2,20240308092500000
000004.SZ,13.110000,20240308,92500000,100,1311,66,429091,0,48,296151,311088,2013,1,20240308092500000
000004.SZ,13.110000,20240308,92500000,100,1311,66,429092,0,48,296151,410955,2013,1,20240308092500000
000004.SZ,13.110000,20240308,92500000,100,1311,66,429093,0,48,296151,423751,2013,1,20240308092500000
000004.SZ,13.110000,20240308,92500000,100,1311,83,429094,0,48,296151,2778,2013,2,20240308092500000
000004.SZ,13.110000,20240308,92500000,200,2622,83,429095,0,48,296151,44044,2013,2,20240308092500000
000004.SZ,13.110000,20240308,92500000,300,3933,83,429096,0,48,296151,75970,2013,2,20240308092500000
000004.SZ,13.110000,20240308,92500000,100,1311,83,429097,0,48,296151,116556,2013,2,20240308092500000
000004.SZ,13.110000,20240308,92500000,600,7866,83,429098,0,48,296151,129710,2013,2,20240308092500000
000004.SZ,13.110000,20240308,92500000,200,2622,83,429099,0,48,296151,137309,2013,2,20240308092500000
000004.SZ,13.110000,20240308,92500000,100,1311,83,429100,0,48,296151,172621,2013,2,20240308092500000
000004.SZ,13.110000,20240308,92500000,900,11799,83,429101,0,48,296151,190814,2013,2,20240308092500000
000004.SZ,13.110000,20240308,92500000,100,1311,83,429102,0,48,296151,207627,2013,2,20240308092500000
000004.SZ,13.110000,20240308,92500000,2300,30153,83,429103,0,48,296151,212899,2013,2,20240308092500000
000004.SZ,13.110000,20240308,92500000,4400,57684,83,429104,0,48,296151,266741,2013,2,20240308092500000
000004.SZ,13.110000,20240308,92500000,200,2622,83,429105,0,48,326119,266741,2013,2,20240308092500000
000004.SZ,13.110000,20240308,92500000,700,9177,83,429106,0,48,337252,266741,2013,2,20240308092500000
000004.SZ,13.110000,20240308,92500000,200,2622,83,429107,0,48,337435,266741,2013,2,20240308092500000
000004.SZ,13.110000,20240308,92500000,700,9177,83,429108,0,48,341806,266741,2013,2,20240308092500000
000004.SZ,13.110000,20240308,92500000,900,11799,83,429109,0,48,344218,266741,2013,2,20240308092500000
000004.SZ,13.110000,20240308,92500000,300,3933,83,429110,0,48,378986,266741,2013,2,20240308092500000
000004.SZ,13.110000,20240308,92500000,100,1311,83,429111,0,48,381933,266741,2013,2,20240308092500000
000004.SZ,13.110000,20240308,92500000,400,5244,83,429112,0,48,387035,266741,2013,2,20240308092500000
000004.SZ,13.110000,20240308,92500000,2100,27531,83,429113,0,48,402004,266741,2013,2,20240308092500000
000004.SZ,13.110000,20240308,92500000,800,10488,83,429114,0,48,402004,299197,2013,2,20240308092500000
000004.SZ,13.110000,20240308,92500000,1600,20976,83,429115,0,48,402004,315509,2013,2,20240308092500000
000004.SZ,13.110000,20240308,92500000,500,6555,83,429116,0,48,402004,322751,2013,2,20240308092500000
000004.SZ,13.110000,20240308,92500000,600,7866,83,429117,0,48,402004,323948,2013,2,20240308092500000
000004.SZ,13.110000,20240308,92500000,500,6555,83,429118,0,48,402004,328004,2013,2,20240308092500000
000004.SZ,13.110000,20240308,92500000,300,3933,83,429119,0,48,402004,336704,2013,2,20240308092500000
000004.SZ,13.110000,20240308,92500000,200,2622,83,429120,0,48,402004,337634,2013,2,20240308092500000
000004.SZ,13.110000,20240308,92500000,100,1311,83,429121,0,48,402004,343542,2013,2,20240308092500000
000004.SZ,13.110000,20240308,92500000,4900,64239,83,429122,0,48,402004,371988,2013,2,20240308092500000
000004.SZ,13.110000,20240308,92500000,2900,38019,83,429123,0,48,402004,376269,2013,2,20240308092500000
000004.SZ,13.110000,20240308,92500000,800,10488,83,429124,0,48,402004,385149,2013,2,20240308092500000
000004.SZ,13.110000,20240308,92500000,1000,13110,83,429125,0,48,402004,391951,2013,2,20240308092500000
000004.SZ,13.110000,20240308,92500000,400,5244,83,429126,0,48,402004,400289,2013,2,20240308092500000
000004.SZ,13.110000,20240308,93000040,300,3933,66,510685,0,48,402004,510684,2013,1,20240308093000040
000004.SZ,13.110000,20240308,93000050,2000,26220,66,517109,0,48,402004,517108,2013,1,20240308093000050
000004.SZ,13.110000,20240308,93000050,2300,30153,66,517110,0,48,417441,517108,2013,1,20240308093000050
000004.SZ,13.110000,20240308,93000050,700,9177,66,517111,0,48,509026,517108,2013,1,20240308093000050
000004.SZ,13.130000,20240308,93000050,1000,13130,66,517112,0,48,88522,517108,2013,1,20240308093000050
000004.SZ,13.130000,20240308,93000060,15400,202202,83,524484,0,48,524483,517108,2013,2,20240308093000060
000004.SZ,13.130000,20240308,93000070,9000,118170,83,527959,0,48,527958,517108,2013,2,20240308093000070
000004.SZ,13.130000,20240308,93000080,500,6565,83,532623,0,48,532622,517108,2013,2,20240308093000080
000004.SZ,13.130000,20240308,93000080,100,1313,83,530768,0,48,530767,517108,2013,2,20240308093000080
000004.SZ,0.000000,20240308,93000080,100,0,32,530956,0,67,371697,0,2013,0,20240308093000080
000004.SZ,13.130000,20240308,93000090,500,6565,83,534899,0,48,534898,517108,2013,2,20240308093000090
000004.SZ,0.000000,20240308,93000100,800,0,32,538627,0,67,116290,0,2013,0,20240308093000100
000004.SZ,13.130000,20240308,93000110,1000,13130,83,546091,0,48,546090,517108,2013,2,20240308093000110
000004.SZ,13.130000,20240308,93000110,200,2626,83,549347,0,48,549346,517108,2013,2,20240308093000110
000004.SZ,13.130000,20240308,93000110,1200,15756,83,544744,0,48,544743,517108,2013,2,20240308093000110
000004.SZ,13.130000,20240308,93000120,1100,14443,83,551725,0,48,551724,517108,2013,2,20240308093000120
000004.SZ,13.160000,20240308,93000130,500,6580,66,557714,0,48,282286,557713,2013,1,20240308093000130
000004.SZ,13.180000,20240308,93000130,400,5272,66,557715,0,48,533233,557713,2013,1,20240308093000130
000004.SZ,13.180000,20240308,93000130,1000,13180,66,557716,0,48,547469,557713,2013,1,20240308093000130
000004.SZ,13.190000,20240308,93000130,1200,15828,66,557717,0,48,340841,557713,2013,1,20240308093000130
000004.SZ,13.130000,20240308,93000130,200,2626,83,558123,0,48,558122,517108,2013,2,20240308093000130
000004.SZ,13.190000,20240308,93000130,700,9233,66,561450,0,48,340841,561449,2013,1,20240308093000130
000004.SZ,13.130000,20240308,93000130,100,1313,83,559208,0,48,559207,517108,2013,2,20240308093000130
000004.SZ,13.190000,20240308,93000140,100,1319,66,563902,0,48,340841,563901,2013,1,20240308093000140
000004.SZ,13.130000,20240308,93000150,1100,14443,83,567210,0,48,567209,517108,2013,2,20240308093000150
000004.SZ,13.130000,20240308,93000160,7200,94536,83,574961,0,48,574960,517108,2013,2,20240308093000160
000004.SZ,13.130000,20240308,93000170,700,9191,83,577445,0,48,577444,517108,2013,2,20240308093000170
000004.SZ,0.000000,20240308,93000180,9400,0,32,581017,0,67,52118,0,2013,0,20240308093000180
000004.SZ,13.130000,20240308,93000190,700,9191,83,583835,0,48,583834,517108,2013,2,20240308093000190
000004.SZ,13.130000,20240308,93000200,3300,43329,83,589276,0,48,589275,517108,2013,2,20240308093000200
000004.SZ,13.130000,20240308,93000230,200,2626,83,596997,0,48,596996,517108,2013,2,20240308093000230
000004.SZ,13.170000,20240308,93000280,1200,15804,66,611673,0,48,564849,611672,2013,1,20240308093000280
000004.SZ,13.180000,20240308,93000280,400,5272,66,611674,0,48,600768,611672,2013,1,20240308093000280
000004.SZ,13.130000,20240308,93000290,100,1313,83,613130,0,48,613129,517108,2013,2,20240308093000290
000004.SZ,13.130000,20240308,93000300,8900,116857,83,614716,0,48,614715,517108,2013,2,20240308093000300
000004.SZ,13.130000,20240308,93000310,100,1313,83,617061,0,48,617060,517108,2013,2,20240308093000310
000004.SZ,13.130000,20240308,93000340,2000,26260,83,621627,0,48,621626,517108,2013,2,20240308093000340
000004.SZ,13.180000,20240308,93000380,400,5272,66,626617,0,48,600768,626616,2013,1,20240308093000380
000004.SZ,13.190000,20240308,93000380,4000,52760,66,626618,0,48,340841,626616,2013,1,20240308093000380
000004.SZ,13.190000,20240308,93000380,500,6595,66,626619,0,48,355741,626616,2013,1,20240308093000380
000004.SZ,13.190000,20240308,93000570,300,3957,83,653306,0,48,653305,626616,2013,2,20240308093000570
000004.SZ,13.190000,20240308,93000640,100,1319,83,664694,0,48,664693,626616,2013,2,20240308093000640
000004.SZ,13.190000,20240308,93000760,500,6595,83,678894,0,48,678893,626616,2013,2,20240308093000760
000004.SZ,13.190000,20240308,93000770,100,1319,83,680016,0,48,680015,626616,2013,2,20240308093000770
000004.SZ,13.190000,20240308,93000770,100,1319,83,679015,0,48,679014,626616,2013,2,20240308093000770
000004.SZ,13.190000,20240308,93000780,500,6595,83,680946,0,48,680945,626819,2013,2,20240308093000780
000004.SZ,0.000000,20240308,93000780,100,0,32,681116,0,67,0,611393,2013,0,20240308093000780
000004.SZ,13.190000,20240308,93000840,4400,58036,83,688207,0,48,688206,626819,2013,2,20240308093000840
000004.SZ,0.000000,20240308,93000850,1200,0,32,689871,0,67,253976,0,2013,0,20240308093000850
000004.SZ,13.190000,20240308,93000960,600,7914,83,703544,0,48,703543,626819,2013,2,20240308093000960
000004.SZ,13.190000,20240308,93001020,300,3957,83,709689,0,48,709688,694700,2013,2,20240308093001020
000004.SZ,13.190000,20240308,93001030,300,3957,83,711346,0,48,711345,694700,2013,2,20240308093001030
000004.SZ,13.190000,20240308,93001140,700,9233,83,721494,0,48,721493,694700,2013,2,20240308093001140
000004.SZ,13.190000,20240308,93001250,100,1319,83,729509,0,48,729508,694700,2013,2,20240308093001250
000004.SZ,13.200000,20240308,93001260,500,6600,66,730109,0,48,581347,730108,2013,1,20240308093001260
000004.SZ,13.200000,20240308,93001260,400,5280,66,730110,0,48,628572,730108,2013,1,20240308093001260
000004.SZ,0.000000,20240308,93001340,2000,0,32,736781,0,67,279876,0,2013,0,20240308093001340
000004.SZ,13.190000,20240308,93001380,300,3957,83,740224,0,48,740223,694700,2013,2,20240308093001380
000004.SZ,13.190000,20240308,93001470,2300,30337,83,745672,0,48,745671,694700,2013,2,20240308093001470
000004.SZ,13.170000,20240308,93001470,500,6585,83,745673,0,48,745671,644648,2013,2,20240308093001470
000004.SZ,13.160000,20240308,93001470,900,11844,83,745674,0,48,745671,698912,2013,2,20240308093001470
000004.SZ,13.150000,20240308,93001470,100,1315,83,745675,0,48,745671,635929,2013,2,20240308093001470
000004.SZ,13.130000,20240308,93001470,500,6565,83,745676,0,48,745671,517108,2013,2,20240308093001470
000004.SZ,13.130000,20240308,93001470,200,2626,83,745740,0,48,745739,517108,2013,2,20240308093001470
000004.SZ,13.130000,20240308,93001550,300,3939,83,752003,0,48,752002,517108,2013,2,20240308093001550
000004.SZ,13.130000,20240308,93001560,9900,129987,83,752120,0,48,752119,517108,2013,2,20240308093001560
000004.SZ,13.200000,20240308,93001640,200,2640,66,758469,0,48,628572,758468,2013,1,20240308093001640
000004.SZ,13.200000,20240308,93001640,1200,15840,66,758470,0,48,753632,758468,2013,1,20240308093001640
000004.SZ,13.210000,20240308,93001640,300,3963,66,758471,0,48,400454,758468,2013,1,20240308093001640
000004.SZ,13.210000,20240308,93001640,300,3963,66,758472,0,48,604856,758468,2013,1,20240308093001640
000004.SZ,13.210000,20240308,93001640,600,7926,66,758473,0,48,683999,758468,2013,1,20240308093001640
000004.SZ,13.220000,20240308,93001640,2200,29084,66,758474,0,48,557365,758468,2013,1,20240308093001640
000004.SZ,13.150000,20240308,93001650,100,1315,83,759313,0,48,759312,753280,2013,2,20240308093001650
000004.SZ,13.130000,20240308,93001710,2600,34138,83,762576,0,48,762575,517108,2013,2,20240308093001710
000004.SZ,13.130000,20240308,93001710,800,10504,83,762577,0,48,762575,661466,2013,2,20240308093001710
000004.SZ,13.120000,20240308,93001710,3900,51168,83,762578,0,48,762575,540604,2013,2,20240308093001710
000004.SZ,13.120000,20240308,93001710,400,5248,83,762579,0,48,762575,578266,2013,2,20240308093001710
000004.SZ,13.120000,20240308,93001710,500,6560,83,762580,0,48,762575,588645,2013,2,20240308093001710
000004.SZ,13.120000,20240308,93001710,600,7872,83,762581,0,48,762575,631681,2013,2,20240308093001710
000004.SZ,13.120000,20240308,93001710,800,10496,83,762582,0,48,762575,676189,2013,2,20240308093001710
000004.SZ,13.110000,20240308,93001710,600,7866,83,762583,0,48,762575,518398,2013,2,20240308093001710
000004.SZ,13.110000,20240308,93001710,200,2622,83,762584,0,48,762575,525881,2013,2,20240308093001710
000004.SZ,13.130000,20240308,93001810,700,9191,83,768326,0,48,768325,763642,2013,2,20240308093001810
000004.SZ,13.110000,20240308,93001810,500,6555,83,768327,0,48,768325,525881,2013,2,20240308093001810
000004.SZ,13.110000,20240308,93001810,300,3933,83,768328,0,48,768325,538746,2013,2,20240308093001810
000004.SZ,13.110000,20240308,93001810,200,2622,83,768329,0,48,768325,545093,2013,2,20240308093001810
000004.SZ,13.110000,20240308,93001860,100,1311,83,772077,0,48,772076,545093,2013,2,20240308093001860
000004.SZ,13.220000,20240308,93001870,2300,30406,66,773002,0,48,557365,773001,2013,1,20240308093001870
000004.SZ,13.230000,20240308,93001870,300,3969,66,773003,0,48,111988,773001,2013,1,20240308093001870
000004.SZ,13.230000,20240308,93001870,100,1323,66,773004,0,48,245601,773001,2013,1,20240308093001870
000004.SZ,13.110000,20240308,93001930,1400,18354,83,777319,0,48,777318,545093,2013,2,20240308093001930
000004.SZ,13.110000,20240308,93001930,1000,13110,83,777320,0,48,777318,562064,2013,2,20240308093001930
000004.SZ,13.110000,20240308,93001930,800,10488,83,777321,0,48,777318,584070,2013,2,20240308093001930
000004.SZ,13.110000,20240308,93001930,800,10488,83,777322,0,48,777318,598023,2013,2,20240308093001930
000004.SZ,13.110000,20240308,93001990,400,5244,83,781766,0,48,781765,598023,2013,2,20240308093001990
000004.SZ,13.110000,20240308,93001990,100,1311,83,781767,0,48,781765,599456,2013,2,20240308093001990
000004.SZ,13.110000,20240308,93001990,200,2622,83,781768,0,48,781765,627347,2013,2,20240308093001990
000004.SZ,13.110000,20240308,93001990,400,5244,83,781769,0,48,781765,632302,2013,2,20240308093001990
000004.SZ,13.110000,20240308,93001990,300,3933,83,781770,0,48,781765,639643,2013,2,20240308093001990
000004.SZ,13.210000,20240308,93002060,1000,13210,83,787085,0,48,787084,784727,2013,2,20240308093002060
000004.SZ,13.110000,20240308,93002060,800,10488,83,787086,0,48,787084,639643,2013,2,20240308093002060
000004.SZ,13.110000,20240308,93002060,1300,17043,83,787087,0,48,787084,639809,2013,2,20240308093002060
000004.SZ,13.110000,20240308,93002060,600,7866,83,787088,0,48,787084,642771,2013,2,20240308093002060
000004.SZ,13.210000,20240308,93002060,800,10568,83,786324,0,48,786323,784727,2013,2,20240308093002060
000004.SZ,13.150000,20240308,93002340,500,6575,83,802620,0,48,802619,798921,2013,2,20240308093002340
000004.SZ,13.110000,20240308,93002340,100,1311,83,802621,0,48,802619,642771,2013,2,20240308093002340
000004.SZ,13.110000,20240308,93002510,300,3933,83,811502,0,48,811501,642771,2013,2,20240308093002510
000004.SZ,13.110000,20240308,93002510,200,2622,83,811503,0,48,811501,661489,2013,2,20240308093002510
000004.SZ,13.110000,20240308,93002510,100,1311,83,811504,0,48,811501,718549,2013,2,20240308093002510
000004.SZ,13.110000,20240308,93002510,400,5244,83,811505,0,48,811501,723677,2013,2,20240308093002510
000004.SZ,13.110000,20240308,93002780,200,2622,83,824038,0,48,824037,723677,2013,2,20240308093002780
000004.SZ,13.110000,20240308,93002780,200,2622,83,824039,0,48,824037,726687,2013,2,20240308093002780
000004.SZ,13.110000,20240308,93002780,100,1311,83,824040,0,48,824037,736057,2013,2,20240308093002780
000004.SZ,13.110000,20240308,93002780,600,7866,83,824041,0,48,824037,737931,2013,2,20240308093002780
000004.SZ,13.110000,20240308,93002780,400,5244,83,824042,0,48,824037,756988,2013,2,20240308093002780
000004.SZ,13.110000,20240308,93002790,100,1311,83,824927,0,48,824926,756988,2013,2,20240308093002790
000004.SZ,13.110000,20240308,93002790,200,2622,83,824928,0,48,824926,758417,2013,2,20240308093002790
000004.SZ,13.110000,20240308,93002840,300,3933,83,827805,0,48,827804,762383,2013,2,20240308093002840
000004.SZ,13.110000,20240308,93002840,100,1311,83,827806,0,48,827804,764975,2013,2,20240308093002840
000004.SZ,13.110000,20240308,93002840,800,10488,83,827807,0,48,827804,768169,2013,2,20240308093002840
000004.SZ,13.110000,20240308,93002840,4600,60306,83,827808,0,48,827804,779597,2013,2,20240308093002840
000004.SZ,13.110000,20240308,93003020,300,3933,83,838061,0,48,838060,779597,2013,2,20240308093003020
000004.SZ,13.110000,20240308,93003030,600,7866,83,839868,0,48,839867,779597,2013,2,20240308093003030
000004.SZ,13.110000,20240308,93003100,200,2622,83,844062,0,48,844061,779597,2013,2,20240308093003100
000004.SZ,13.110000,20240308,93003350,100,1311,83,854471,0,48,854470,779597,2013,2,20240308093003350
000004.SZ,13.110000,20240308,93003470,800,10488,83,858614,0,48,858613,779597,2013,2,20240308093003470
000004.SZ,13.110000,20240308,93003480,1000,13110,83,858896,0,48,858895,779597,2013,2,20240308093003480
000004.SZ,13.190000,20240308,93003540,200,2638,66,862200,0,48,850983,862199,2013,1,20240308093003540
000004.SZ,13.200000,20240308,93003540,100,1320,66,862201,0,48,807067,862199,2013,1,20240308093003540
000004.SZ,13.230000,20240308,93003540,100,1323,66,862202,0,48,245601,862199,2013,1,20240308093003540
000004.SZ,13.150000,20240308,93003580,500,6575,83,864118,0,48,864117,862556,2013,2,20240308093003580
000004.SZ,13.150000,20240308,93003600,1000,13150,83,865538,0,48,865537,862556,2013,2,20240308093003600
000004.SZ,0.000000,20240308,93003630,2000,0,32,866461,0,67,0,785076,2013,0,20240308093003630
000004.SZ,0.000000,20240308,93003650,100,0,32,867508,0,67,0,845798,2013,0,20240308093003650
000004.SZ,13.150000,20240308,93003740,900,11835,83,870429,0,48,870428,862556,2013,2,20240308093003740
000004.SZ,0.000000,20240308,93003820,2200,0,32,873927,0,67,0,873568,2013,0,20240308093003820
000004.SZ,13.150000,20240308,93003960,1400,18410,83,878973,0,48,878972,862556,2013,2,20240308093003960
000004.SZ,13.120000,20240308,93003960,2200,28864,83,878974,0,48,878972,874461,2013,2,20240308093003960
000004.SZ,13.110000,20240308,93003960,1200,15732,83,878975,0,48,878972,779597,2013,2,20240308093003960
000004.SZ,13.110000,20240308,93003960,1200,15732,83,878976,0,48,878972,779658,2013,2,20240308093003960
000004.SZ,13.210000,20240308,93004120,1000,13210,66,886282,0,48,864766,886281,2013,1,20240308093004120
000004.SZ,13.110000,20240308,93004490,200,2622,83,899928,0,48,899927,779658,2013,2,20240308093004490
000004.SZ,13.110000,20240308,93004510,500,6555,83,900696,0,48,900695,779658,2013,2,20240308093004510
000004.SZ,13.160000,20240308,93004770,300,3948,83,907922,0,48,907921,907515,2013,2,20240308093004770
000004.SZ,13.120000,20240308,93004770,400,5248,83,907923,0,48,907921,901393,2013,2,20240308093004770
000004.SZ,13.110000,20240308,93004770,300,3933,83,907924,0,48,907921,779658,2013,2,20240308093004770
000004.SZ,13.190000,20240308,93004830,100,1319,66,910413,0,48,894043,910412,2013,1,20240308093004830
000004.SZ,13.120000,20240308,93005030,100,1312,83,916534,0,48,916533,908334,2013,2,20240308093005030
000004.SZ,13.150000,20240308,93005590,900,11835,66,926261,0,48,925773,926260,2013,1,20240308093005590
000004.SZ,13.110000,20240308,93005790,500,6555,83,929201,0,48,929200,779658,2013,2,20240308093005790
000004.SZ,0.000000,20240308,93006040,400,0,32,932752,0,67,79882,0,2013,0,20240308093006040
000004.SZ,13.110000,20240308,93006510,200,2622,83,940375,0,48,940374,779658,2013,2,20240308093006510
000004.SZ,0.000000,20240308,93006530,2300,0,32,940659,0,67,894086,0,2013,0,20240308093006530
000004.SZ,0.000000,20240308,93006530,2900,0,32,940665,0,67,894187,0,2013,0,20240308093006530
000004.SZ,0.000000,20240308,93006530,7500,0,32,940711,0,67,894161,0,2013,0,20240308093006530
000004.SZ,0.000000,20240308,93006540,7400,0,32,940890,0,67,894043,0,2013,0,20240308093006540
000004.SZ,0.000000,20240308,93006540,2400,0,32,940892,0,67,894093,0,2013,0,20240308093006540
000004.SZ,0.000000,20240308,93006540,3100,0,32,940893,0,67,894091,0,2013,0,20240308093006540
000004.SZ,0.000000,20240308,93006570,4100,0,32,941459,0,67,896568,0,2013,0,20240308093006570
000004.SZ,0.000000,20240308,93006570,3800,0,32,941464,0,67,899271,0,2013,0,20240308093006570
000004.SZ,0.000000,20240308,93006570,3700,0,32,941471,0,67,894759,0,2013,0,20240308093006570
000004.SZ,0.000000,20240308,93006570,6600,0,32,941658,0,67,896906,0,2013,0,20240308093006570
000004.SZ,0.000000,20240308,93006580,4800,0,32,941829,0,67,896083,0,2013,0,20240308093006580
000004.SZ,0.000000,20240308,93006590,4500,0,32,941844,0,67,895507,0,2013,0,20240308093006590
000004.SZ,0.000000,20240308,93006620,4400,0,32,942628,0,67,901018,0,2013,0,20240308093006620
000004.SZ,0.000000,20240308,93006650,100,0,32,942982,0,67,0,934594,2013,0,20240308093006650
000004.SZ,13.110000,20240308,93006680,400,5244,83,943544,0,48,943543,779658,2013,2,20240308093006680
000004.SZ,13.120000,20240308,93007880,100,1312,83,960128,0,48,960127,944455,2013,2,20240308093007880
000004.SZ,13.110000,20240308,93007880,500,6555,83,960129,0,48,960127,779658,2013,2,20240308093007880
000004.SZ,13.110000,20240308,93008430,600,7866,83,965992,0,48,965991,779658,2013,2,20240308093008430
000004.SZ,13.110000,20240308,93008430,600,7866,83,965994,0,48,965993,779658,2013,2,20240308093008430
000004.SZ,13.110000,20240308,93008430,200,2622,83,965996,0,48,965995,779658,2013,2,20240308093008430
000004.SZ,13.110000,20240308,93008460,100,1311,83,966180,0,48,966179,779658,2013,2,20240308093008460
000004.SZ,13.110000,20240308,93008680,2800,36708,83,967897,0,48,967896,779658,2013,2,20240308093008680
000004.SZ,0.000000,20240308,93008720,1000,0,32,968294,0,67,0,779068,2013,0,20240308093008720
000004.SZ,13.110000,20240308,93008810,500,6555,83,968945,0,48,968944,779658,2013,2,20240308093008810
000004.SZ,13.110000,20240308,93008840,3000,39330,83,969091,0,48,969090,779658,2013,2,20240308093008840
000004.SZ,13.120000,20240308,93009100,100,1312,83,971642,0,48,971641,969959,2013,2,20240308093009100
000004.SZ,13.140000,20240308,93009410,200,2628,66,975267,0,48,940660,975266,2013,1,20240308093009410
000004.SZ,13.120000,20240308,93009560,800,10496,83,977239,0,48,977238,969959,2013,2,20240308093009560
000004.SZ,0.000000,20240308,93009650,100,0,32,978746,0,67,0,972400,2013,0,20240308093009650
000004.SZ,13.140000,20240308,93009830,800,10512,66,980992,0,48,940660,980991,2013,1,20240308093009830
000004.SZ,13.120000,20240308,93010300,100,1312,83,986981,0,48,986980,969959,2013,2,20240308093010300
000004.SZ,0.000000,20240308,93011130,3000,0,32,995845,0,67,0,421155,2013,0,20240308093011130
000004.SZ,0.000000,20240308,93011240,3100,0,32,996778,0,67,959626,0,2013,0,20240308093011240
000004.SZ,0.000000,20240308,93011420,9100,0,32,998440,0,67,0,946070,2013,0,20240308093011420
000004.SZ,0.000000,20240308,93011490,600,0,32,998932,0,67,0,966706,2013,0,20240308093011490
000004.SZ,13.110000,20240308,93012150,1700,22287,83,1004755,0,48,1004754,779658,2013,2,20240308093012150
000004.SZ,13.110000,20240308,93012150,100,1311,83,1004756,0,48,1004754,780347,2013,2,20240308093012150
000004.SZ,13.110000,20240308,93012150,400,5244,83,1004757,0,48,1004754,782406,2013,2,20240308093012150
000004.SZ,13.110000,20240308,93012150,200,2622,83,1004758,0,48,1004754,794030,2013,2,20240308093012150
000004.SZ,13.110000,20240308,93012150,200,2622,83,1004759,0,48,1004754,796567,2013,2,20240308093012150
000004.SZ,13.110000,20240308,93012150,1000,13110,83,1004760,0,48,1004754,802676,2013,2,20240308093012150
000004.SZ,13.110000,20240308,93012150,500,6555,83,1004761,0,48,1004754,806427,2013,2,20240308093012150
000004.SZ,13.110000,20240308,93012150,100,1311,83,1004762,0,48,1004754,831864,2013,2,20240308093012150
000004.SZ,13.110000,20240308,93012150,1700,22287,83,1004763,0,48,1004754,844887,2013,2,20240308093012150
000004.SZ,13.110000,20240308,93012150,100,1311,83,1004764,0,48,1004754,845721,2013,2,20240308093012150
000004.SZ,13.110000,20240308,93012150,1000,13110,83,1004765,0,48,1004754,854349,2013,2,20240308093012150
000004.SZ,13.110000,20240308,93012150,200,2622,83,1004766,0,48,1004754,862548,2013,2,20240308093012150
000004.SZ,13.110000,20240308,93012150,200,2622,83,1004767,0,48,1004754,877630,2013,2,20240308093012150
000004.SZ,13.110000,20240308,93012150,400,5244,83,1004768,0,48,1004754,909776,2013,2,20240308093012150
000004.SZ,13.110000,20240308,93012150,800,10488,83,1004769,0,48,1004754,918795,2013,2,20240308093012150
000004.SZ,13.110000,20240308,93012150,300,3933,83,1004770,0,48,1004754,924730,2013,2,20240308093012150
000004.SZ,13.110000,20240308,93012300,200,2622,83,1006695,0,48,1006694,924730,2013,2,20240308093012300
000004.SZ,0.000000,20240308,93012350,2400,0,32,1007300,0,67,947815,0,2013,0,20240308093012350
000004.SZ,0.000000,20240308,93012350,2900,0,32,1007302,0,67,956552,0,2013,0,20240308093012350
000004.SZ,0.000000,20240308,93012350,3100,0,32,1007313,0,67,947865,0,2013,0,20240308093012350
000004.SZ,0.000000,20240308,93012350,7900,0,32,1007314,0,67,947863,0,2013,0,20240308093012350
000004.SZ,0.000000,20240308,93012360,4800,0,32,1007407,0,67,948658,0,2013,0,20240308093012360
000004.SZ,0.000000,20240308,93012360,13900,0,32,1007424,0,67,947817,0,2013,0,20240308093012360
000004.SZ,0.000000,20240308,93012370,1300,0,32,1007478,0,67,940660,0,2013,0,20240308093012370
000004.SZ,13.110000,20240308,93012370,600,7866,83,1007482,0,48,1007481,924730,2013,2,20240308093012370
000004.SZ,0.000000,20240308,93012380,4100,0,32,1007527,0,67,948440,0,2013,0,20240308093012380
000004.SZ,0.000000,20240308,93012380,3800,0,32,1007532,0,67,941484,0,2013,0,20240308093012380
000004.SZ,13.110000,20240308,93012380,1900,24909,83,1007542,0,48,1007541,924730,2013,2,20240308093012380
000004.SZ,13.110000,20240308,93012380,500,6555,83,1007543,0,48,1007541,931630,2013,2,20240308093012380
000004.SZ,13.110000,20240308,93012380,100,1311,83,1007544,0,48,1007541,977896,2013,2,20240308093012380
000004.SZ,0.000000,20240308,93012390,4500,0,32,1007923,0,67,947911,0,2013,0,20240308093012390
000004.SZ,0.000000,20240308,93012400,4400,0,32,1008168,0,67,948200,0,2013,0,20240308093012400
000004.SZ,0.000000,20240308,93012420,3700,0,32,1008333,0,67,947962,0,2013,0,20240308093012420
000004.SZ,0.000000,20240308,93012430,6600,0,32,1008492,0,67,948305,0,2013,0,20240308093012430
000004.SZ,0.000000,20240308,93012650,100,0,32,1011925,0,67,0,1004695,2013,0,20240308093012650
000004.SZ,13.110000,20240308,93012780,1300,17043,66,1013428,0,48,1007541,1013427,2013,1,20240308093012780
000004.SZ,13.110000,20240308,93012780,600,7866,66,1013429,0,48,1010416,1013427,2013,1,20240308093012780
000004.SZ,13.110000,20240308,93012780,600,7866,66,1013430,0,48,1010420,1013427,2013,1,20240308093012780
000004.SZ,13.110000,20240308,93012780,500,6555,66,1013431,0,48,1010453,1013427,2013,1,20240308093012780
000004.SZ,13.110000,20240308,93012850,1000,13110,66,1014382,0,48,1010453,1014381,2013,1,20240308093012850
000004.SZ,0.000000,20240308,93012960,3000,0,32,1015465,0,67,0,742348,2013,0,20240308093012960
000004.SZ,13.110000,20240308,93013170,1300,17043,66,1018251,0,48,1010453,1018250,2013,1,20240308093013170
000004.SZ,0.000000,20240308,93013500,2400,0,32,1023507,0,67,0,770522,2013,0,20240308093013500
000004.SZ,0.000000,20240308,93013560,17600,0,32,1024196,0,67,937282,0,2013,0,20240308093013560
000004.SZ,13.110000,20240308,93013960,800,10488,66,1029769,0,48,1010453,1029768,2013,1,20240308093013960
000004.SZ,13.110000,20240308,93014450,700,9177,66,1035850,0,48,1010453,1035849,2013,1,20240308093014450
000004.SZ,0.000000,20240308,93014480,16200,0,32,1036451,0,67,937192,0,2013,0,20240308093014480
000004.SZ,0.000000,20240308,93014490,4400,0,32,1036587,0,67,1010438,0,2013,0,20240308093014490
000004.SZ,0.000000,20240308,93014500,3700,0,32,1036786,0,67,1011189,0,2013,0,20240308093014500
000004.SZ,0.000000,20240308,93014520,2900,0,32,1037007,0,67,1007310,0,2013,0,20240308093014520
000004.SZ,0.000000,20240308,93014530,4800,0,32,1037139,0,67,1011621,0,2013,0,20240308093014530
000004.SZ,0.000000,20240308,93014560,5500,0,32,1037484,0,67,1011167,0,2013,0,20240308093014560
000004.SZ,0.000000,20240308,93014560,4100,0,32,1037493,0,67,1011885,0,2013,0,20240308093014560
000004.SZ,0.000000,20240308,93014580,4500,0,32,1037667,0,67,1010718,0,2013,0,20240308093014580
000004.SZ,13.110000,20240308,93014880,100,1311,66,1041731,0,48,1010453,1041730,2013,1,20240308093014880
000004.SZ,0.000000,20240308,93014930,13800,0,32,1042439,0,67,937269,0,2013,0,20240308093014930
000004.SZ,13.110000,20240308,93014990,200,2622,66,1043030,0,48,1010453,1043029,2013,1,20240308093014990
000004.SZ,13.110000,20240308,93015530,600,7866,66,1053515,0,48,1010453,1053514,2013,1,20240308093015530
000004.SZ,13.110000,20240308,93015650,2700,35397,66,1055788,0,48,1010453,1055787,2013,1,20240308093015650
000004.SZ,13.110000,20240308,93015650,200,2622,66,1055789,0,48,1010671,1055787,2013,1,20240308093015650
000004.SZ,0.000000,20240308,93015650,100,0,32,1055865,0,67,0,1045676,2013,0,20240308093015650
000004.SZ,0.000000,20240308,93016130,1000,0,32,1065219,0,67,0,808338,2013,0,20240308093016130
000004.SZ,0.000000,20240308,93016260,500,0,32,1067518,0,67,986980,0,2013,0,20240308093016260
000004.SZ,13.110000,20240308,93016680,100,1311,66,1074555,0,48,1010671,1074554,2013,1,20240308093016680
000004.SZ,13.110000,20240308,93017130,300,3933,66,1079706,0,48,1010671,1079705,2013,1,20240308093017130
000004.SZ,13.110000,20240308,93017130,600,7866,66,1079707,0,48,1012578,1079705,2013,1,20240308093017130
000004.SZ,13.110000,20240308,93017130,600,7866,66,1079708,0,48,1012602,1079705,2013,1,20240308093017130
000004.SZ,13.110000,20240308,93017130,200,2622,66,1079709,0,48,1014349,1079705,2013,1,20240308093017130
000004.SZ,0.000000,20240308,93017360,600,0,32,1082429,0,67,1011901,0,2013,0,20240308093017360
000004.SZ,13.100000,20240308,93018160,800,10480,83,1092600,0,48,1092599,594923,2013,2,20240308093018160
000004.SZ,13.100000,20240308,93018160,500,6550,83,1092601,0,48,1092599,635207,2013,2,20240308093018160
000004.SZ,13.100000,20240308,93018160,500,6550,83,1092602,0,48,1092599,999347,2013,2,20240308093018160
000004.SZ,13.100000,20240308,93018160,6500,85150,83,1092603,0,48,1092599,1075846,2013,2,20240308093018160
000004.SZ,13.100000,20240308,93018280,900,11790,83,1094299,0,48,1094298,1075846,2013,2,20240308093018280
000004.SZ,13.090000,20240308,93018280,1000,13090,83,1094300,0,48,1094298,406077,2013,2,20240308093018280
000004.SZ,13.090000,20240308,93018280,200,2618,83,1094301,0,48,1094298,576807,2013,2,20240308093018280
000004.SZ,13.090000,20240308,93018280,2400,31416,83,1094302,0,48,1094298,874318,2013,2,20240308093018280
000004.SZ,13.110000,20240308,93018440,400,5244,66,1096624,0,48,1014349,1096623,2013,1,20240308093018440
000004.SZ,13.110000,20240308,93018440,600,7866,66,1096625,0,48,1014361,1096623,2013,1,20240308093018440
000004.SZ,13.110000,20240308,93018440,600,7866,66,1096626,0,48,1015400,1096623,2013,1,20240308093018440
000004.SZ,13.110000,20240308,93018440,600,7866,66,1096627,0,48,1015426,1096623,2013,1,20240308093018440
000004.SZ,13.110000,20240308,93018440,600,7866,66,1096628,0,48,1016460,1096623,2013,1,20240308093018440
000004.SZ,13.110000,20240308,93018440,300,3933,66,1096629,0,48,1027571,1096623,2013,1,20240308093018440
000004.SZ,0.000000,20240308,93018480,100,0,32,1097191,0,67,1071678,0,2013,0,20240308093018480
000004.SZ,13.100000,20240308,93018520,100,1310,83,1097767,0,48,1097766,1096415,2013,2,20240308093018520
000004.SZ,0.000000,20240308,93018520,2000,0,32,1097774,0,67,1027571,0,2013,0,20240308093018520
000004.SZ,0.000000,20240308,93018650,100,0,32,1099781,0,67,0,1092472,2013,0,20240308093018650
000004.SZ,13.110000,20240308,93019670,200,2622,66,1112458,0,48,1036561,1112457,2013,1,20240308093019670
000004.SZ,0.000000,20240308,93019750,2000,0,32,1113386,0,67,1014079,0,2013,0,20240308093019750
000004.SZ,13.110000,20240308,93020070,1600,20976,66,1117280,0,48,1036561,1117279,2013,1,20240308093020070
000004.SZ,13.110000,20240308,93020070,1400,18354,66,1117281,0,48,1037010,1117279,2013,1,20240308093020070
000004.SZ,13.100000,20240308,93020640,200,2620,83,1124189,0,48,1124188,1096415,2013,2,20240308093020640
000004.SZ,13.100000,20240308,93020700,1700,22270,83,1125059,0,48,1125058,1096415,2013,2,20240308093020700
000004.SZ,0.000000,20240308,93020800,100,0,32,1126169,0,67,1098383,0,2013,0,20240308093020800
000004.SZ,13.090000,20240308,93020800,100,1309,83,1126171,0,48,1126170,874318,2013,2,20240308093020800
000004.SZ,13.090000,20240308,93020800,400,5236,83,1126209,0,48,1126208,874318,2013,2,20240308093020800
000004.SZ,13.090000,20240308,93020810,400,5236,83,1126231,0,48,1126230,874318,2013,2,20240308093020810
000004.SZ,13.090000,20240308,93020810,400,5236,83,1126291,0,48,1126290,874318,2013,2,20240308093020810
000004.SZ,13.090000,20240308,93020820,100,1309,83,1126421,0,48,1126420,874318,2013,2,20240308093020820
000004.SZ,0.000000,20240308,93020830,1600,0,32,1126538,0,67,0,274674,2013,0,20240308093020830
000004.SZ,0.000000,20240308,93020850,1300,0,32,1126630,0,67,1037010,0,2013,0,20240308093020850
000004.SZ,13.080000,20240308,93020850,300,3924,83,1126637,0,48,1126636,180265,2013,2,20240308093020850
000004.SZ,13.080000,20240308,93020850,100,1308,83,1126638,0,48,1126636,601975,2013,2,20240308093020850
000004.SZ,13.080000,20240308,93020870,400,5232,83,1126963,0,48,1126962,601975,2013,2,20240308093020870
000004.SZ,13.080000,20240308,93020870,100,1308,83,1126965,0,48,1126964,637512,2013,2,20240308093020870
000004.SZ,13.080000,20240308,93020870,200,2616,83,1126966,0,48,1126964,783917,2013,2,20240308093020870
000004.SZ,13.080000,20240308,93020870,100,1308,83,1126967,0,48,1126964,823171,2013,2,20240308093020870
000004.SZ,13.080000,20240308,93020890,400,5232,83,1127085,0,48,1127084,823171,2013,2,20240308093020890
000004.SZ,13.080000,20240308,93020890,400,5232,83,1127108,0,48,1127107,823171,2013,2,20240308093020890
000004.SZ,0.000000,20240308,93020910,400,0,32,1127271,0,67,1126540,0,2013,0,20240308093020910
000004.SZ,13.080000,20240308,93020910,400,5232,83,1127279,0,48,1127278,823171,2013,2,20240308093020910
000004.SZ,0.000000,20240308,93020910,3200,0,32,1127280,0,67,1039114,0,2013,0,20240308093020910
000004.SZ,13.080000,20240308,93020910,400,5232,83,1127297,0,48,1127296,823171,2013,2,20240308093020910
000004.SZ,13.080000,20240308,93020920,400,5232,83,1127471,0,48,1127470,823171,2013,2,20240308093020920
000004.SZ,13.080000,20240308,93020930,400,5232,83,1127565,0,48,1127564,823171,2013,2,20240308093020930
000004.SZ,13.080000,20240308,93020960,400,5232,83,1127883,0,48,1127882,823171,2013,2,20240308093020960
000004.SZ,13.080000,20240308,93020960,400,5232,83,1127938,0,48,1127937,907788,2013,2,20240308093020960
000004.SZ,13.080000,20240308,93020960,100,1308,83,1127959,0,48,1127958,907788,2013,2,20240308093020960
000004.SZ,13.070000,20240308,93020990,400,5228,83,1128325,0,48,1128324,335916,2013,2,20240308093020990
000004.SZ,13.070000,20240308,93021000,200,2614,83,1128393,0,48,1128392,335916,2013,2,20240308093021000
000004.SZ,13.070000,20240308,93021000,200,2614,83,1128394,0,48,1128392,588357,2013,2,20240308093021000
000004.SZ,13.070000,20240308,93021010,400,5228,83,1128570,0,48,1128569,588357,2013,2,20240308093021010
000004.SZ,13.070000,20240308,93021030,100,1307,83,1128783,0,48,1128782,588357,2013,2,20240308093021030
000004.SZ,13.070000,20240308,93021030,400,5228,83,1128799,0,48,1128798,588357,2013,2,20240308093021030
000004.SZ,13.070000,20240308,93021030,400,5228,83,1128830,0,48,1128829,588357,2013,2,20240308093021030
000004.SZ,13.070000,20240308,93021040,400,5228,83,1128930,0,48,1128929,588357,2013,2,20240308093021040
000004.SZ,13.060000,20240308,93021080,200,2612,83,1129500,0,48,1129499,707195,2013,2,20240308093021080
000004.SZ,13.060000,20240308,93021080,200,2612,83,1129501,0,48,1129499,832462,2013,2,20240308093021080
000004.SZ,13.060000,20240308,93021090,300,3918,83,1129619,0,48,1129618,832462,2013,2,20240308093021090
000004.SZ,13.060000,20240308,93021210,400,5224,83,1131474,0,48,1131473,832462,2013,2,20240308093021210
000004.SZ,13.060000,20240308,93021220,400,5224,83,1131510,0,48,1131509,832462,2013,2,20240308093021220
000004.SZ,13.060000,20240308,93021230,400,5224,83,1131617,0,48,1131616,832462,2013,2,20240308093021230
000004.SZ,13.060000,20240308,93021240,400,5224,83,1131853,0,48,1131852,832462,2013,2,20240308093021240
000004.SZ,13.060000,20240308,93021260,400,5224,83,1132294,0,48,1132293,832462,2013,2,20240308093021260
000004.SZ,13.060000,20240308,93021260,400,5224,83,1132314,0,48,1132313,832462,2013,2,20240308093021260
000004.SZ,13.060000,20240308,93021370,400,5224,83,1133568,0,48,1133567,832462,2013,2,20240308093021370
000004.SZ,13.060000,20240308,93021390,100,1306,83,1133825,0,48,1133824,832462,2013,2,20240308093021390
000004.SZ,13.060000,20240308,93021400,300,3918,83,1133896,0,48,1133895,832462,2013,2,20240308093021400
000004.SZ,0.000000,20240308,93021430,100,0,32,1134476,0,67,1126420,0,2013,0,20240308093021430
000004.SZ,0.000000,20240308,93021430,2700,0,32,1134477,0,67,1037497,0,2013,0,20240308093021430
000004.SZ,13.050000,20240308,93021430,400,5220,83,1134480,0,48,1134479,563797,2013,2,20240308093021430
000004.SZ,13.050000,20240308,93021440,400,5220,83,1134653,0,48,1134652,563797,2013,2,20240308093021440
000004.SZ,13.050000,20240308,93021460,400,5220,83,1134926,0,48,1134925,563797,2013,2,20240308093021460
000004.SZ,13.050000,20240308,93021470,400,5220,83,1135131,0,48,1135130,563797,2013,2,20240308093021470
000004.SZ,0.000000,20240308,93021480,400,0,32,1135303,0,67,1128975,0,2013,0,20240308093021480
000004.SZ,0.000000,20240308,93021480,3200,0,32,1135309,0,67,1039088,0,2013,0,20240308093021480
000004.SZ,13.050000,20240308,93021480,400,5220,83,1135312,0,48,1135311,563797,2013,2,20240308093021480
000004.SZ,13.050000,20240308,93021490,400,5220,83,1135348,0,48,1135347,563797,2013,2,20240308093021490
000004.SZ,0.000000,20240308,93021650,100,0,32,1137666,0,67,0,1130344,2013,0,20240308093021650
000004.SZ,13.040000,20240308,93021880,200,2608,83,1140400,0,48,1140399,579615,2013,2,20240308093021880
000004.SZ,13.040000,20240308,93021880,100,1304,83,1140401,0,48,1140399,848176,2013,2,20240308093021880
000004.SZ,13.040000,20240308,93021880,400,5216,83,1140402,0,48,1140399,887477,2013,2,20240308093021880
000004.SZ,13.030000,20240308,93021880,2000,26060,83,1140403,0,48,1140399,347434,2013,2,20240308093021880
000004.SZ,13.030000,20240308,93021880,1200,15636,83,1140404,0,48,1140399,687042,2013,2,20240308093021880
000004.SZ,13.060000,20240308,93022030,100,1306,66,1141981,0,48,1133895,1141980,2013,1,20240308093022030
000004.SZ,13.060000,20240308,93022030,100,1306,66,1141982,0,48,1133960,1141980,2013,1,20240308093022030
000004.SZ,13.060000,20240308,93022030,300,3918,66,1141983,0,48,1134083,1141980,2013,1,20240308093022030
000004.SZ,13.060000,20240308,93022230,100,1306,66,1145092,0,48,1134083,1145091,2013,1,20240308093022230
000004.SZ,13.070000,20240308,93022230,400,5228,66,1145093,0,48,1129024,1145091,2013,1,20240308093022230
000004.SZ,13.080000,20240308,93022230,200,2616,66,1145094,0,48,1127958,1145091,2013,1,20240308093022230
000004.SZ,0.000000,20240308,93022380,1800,0,32,1146967,0,67,1037541,0,2013,0,20240308093022380
000004.SZ,13.070000,20240308,93022500,500,6535,66,1148825,0,48,1146418,1148824,2013,1,20240308093022500
000004.SZ,13.070000,20240308,93022500,100,1307,66,1148826,0,48,1146461,1148824,2013,1,20240308093022500
000004.SZ,0.000000,20240308,93023310,200,0,32,1157949,0,67,1128112,0,2013,0,20240308093023310
000004.SZ,0.000000,20240308,93023310,2700,0,32,1157951,0,67,1037143,0,2013,0,20240308093023310
000004.SZ,13.070000,20240308,93023580,400,5228,66,1160866,0,48,1146461,1160865,2013,1,20240308093023580
000004.SZ,13.070000,20240308,93023580,200,2614,66,1160867,0,48,1146969,1160865,2013,1,20240308093023580
000004.SZ,13.060000,20240308,93023990,100,1306,66,1164520,0,48,1163316,1164519,2013,1,20240308093023990
000004.SZ,0.000000,20240308,93024360,3400,0,32,1168539,0,67,1002334,0,2013,0,20240308093024360
000004.SZ,0.000000,20240308,93024650,100,0,32,1172202,0,67,0,1166287,2013,0,20240308093024650
000004.SZ,13.070000,20240308,93025190,300,3921,66,1178323,0,48,1146969,1178322,2013,1,20240308093025190
000004.SZ,13.070000,20240308,93025190,500,6535,66,1178324,0,48,1157648,1178322,2013,1,20240308093025190
000004.SZ,13.070000,20240308,93025190,200,2614,66,1178325,0,48,1157662,1178322,2013,1,20240308093025190
000004.SZ,0.000000,20240308,93025600,18600,0,32,1184117,0,67,1125058,0,2013,0,20240308093025600
000004.SZ,13.060000,20240308,93025700,200,2612,66,1185320,0,48,1180932,1185319,2013,1,20240308093025700
000004.SZ,13.060000,20240308,93027370,200,2612,66,1201446,0,48,1180932,1201445,2013,1,20240308093027370
000004.SZ,13.030000,20240308,93027400,800,10424,83,1201721,0,48,1201720,687042,2013,2,20240308093027400
000004.SZ,13.030000,20240308,93027400,1300,16939,83,1201722,0,48,1201720,758802,2013,2,20240308093027400
000004.SZ,0.000000,20240308,93027440,100,0,32,1202111,0,67,1008632,0,2013,0,20240308093027440
000004.SZ,13.060000,20240308,93027440,200,2612,66,1202173,0,48,1180932,1202172,2013,1,20240308093027440
000004.SZ,0.000000,20240308,93027650,100,0,32,1204636,0,67,0,1198898,2013,0,20240308093027650
000004.SZ,13.030000,20240308,93028080,700,9121,83,1209216,0,48,1209215,758802,2013,2,20240308093028080
000004.SZ,13.030000,20240308,93028080,300,3909,83,1209217,0,48,1209215,783039,2013,2,20240308093028080
000004.SZ,0.000000,20240308,93028410,600,0,32,1214148,0,67,1134287,0,2013,0,20240308093028410
000004.SZ,0.000000,20240308,93028520,500,0,32,1215601,0,67,615562,0,2013,0,20240308093028520
000004.SZ,0.000000,20240308,93028620,2000,0,32,1216609,0,67,355600,0,2013,0,20240308093028620
000004.SZ,13.030000,20240308,93028950,200,2606,83,1220368,0,48,1220367,783039,2013,2,20240308093028950
000004.SZ,13.030000,20240308,93028950,100,1303,83,1220369,0,48,1220367,935889,2013,2,20240308093028950
000004.SZ,13.060000,20240308,93029340,1200,15672,66,1226025,0,48,1180932,1226024,2013,1,20240308093029340
000004.SZ,13.060000,20240308,93029390,2200,28732,66,1226628,0,48,1180932,1226627,2013,1,20240308093029390
000004.SZ,13.060000,20240308,93029390,200,2612,66,1226629,0,48,1187836,1226627,2013,1,20240308093029390
000004.SZ,13.060000,20240308,93029390,100,1306,66,1226630,0,48,1190812,1226627,2013,1,20240308093029390
000004.SZ,13.060000,20240308,93029540,200,2612,83,1228381,0,48,1228380,1226627,2013,2,20240308093029540
000004.SZ,13.060000,20240308,93029730,800,10448,83,1230420,0,48,1230419,1226627,2013,2,20240308093029730
000004.SZ,0.000000,20240308,93030480,2300,0,32,1239000,0,67,644805,0,2013,0,20240308093030480
000004.SZ,0.000000,20240308,93030650,100,0,32,1241016,0,67,0,1234790,2013,0,20240308093030650
000004.SZ,13.060000,20240308,93031090,200,2612,83,1245470,0,48,1245469,1226627,2013,2,20240308093031090
000004.SZ,13.060000,20240308,93031380,100,1306,66,1249125,0,48,1245469,1249124,2013,1,20240308093031380
000004.SZ,13.060000,20240308,93031390,400,5224,83,1249369,0,48,1249368,1249124,2013,2,20240308093031390
000004.SZ,13.070000,20240308,93031420,300,3921,66,1249729,0,48,1157662,1249728,2013,1,20240308093031420
000004.SZ,13.070000,20240308,93031420,100,1307,66,1249730,0,48,1157762,1249728,2013,1,20240308093031420
000004.SZ,13.060000,20240308,93031710,100,1306,83,1253225,0,48,1253224,1249124,2013,2,20240308093031710
000004.SZ,0.000000,20240308,93031980,2200,0,32,1256048,0,67,0,154220,2013,0,20240308093031980
000004.SZ,0.000000,20240308,93032120,300,0,32,1257306,0,67,824225,0,2013,0,20240308093032120
000004.SZ,13.060000,20240308,93032380,1400,18284,83,1259563,0,48,1259562,1249124,2013,2,20240308093032380
000004.SZ,0.000000,20240308,93033130,900,0,32,1265772,0,67,0,195314,2013,0,20240308093033130
000004.SZ,0.000000,20240308,93033240,400,0,32,1266670,0,67,653339,0,2013,0,20240308093033240
000004.SZ,0.000000,20240308,93033650,100,0,32,1271696,0,67,0,1265975,2013,0,20240308093033650
000004.SZ,13.060000,20240308,93033980,100,1306,83,1275018,0,48,1275017,1249124,2013,2,20240308093033980
000004.SZ,13.060000,20240308,93034020,600,7836,83,1275284,0,48,1275283,1249124,2013,2,20240308093034020
000004.SZ,0.000000,20240308,93034060,800,0,32,1275741,0,67,0,977642,2013,0,20240308093034060
000004.SZ,0.000000,20240308,93034100,500,0,32,1276427,0,67,1158146,0,2013,0,20240308093034100
000004.SZ,0.000000,20240308,93034150,500,0,32,1276834,0,67,1157955,0,2013,0,20240308093034150
000004.SZ,0.000000,20240308,93034160,400,0,32,1276890,0,67,1157762,0,2013,0,20240308093034160
000004.SZ,13.070000,20240308,93034210,300,3921,66,1277386,0,48,1271472,1277385,2013,1,20240308093034210
000004.SZ,0.000000,20240308,93034260,400,0,32,1277793,0,67,1145867,0,2013,0,20240308093034260
000004.SZ,0.000000,20240308,93034310,500,0,32,1278215,0,67,1146245,0,2013,0,20240308093034310
000004.SZ,13.060000,20240308,93035010,800,10448,83,1284678,0,48,1284677,1249124,2013,2,20240308093035010
000004.SZ,13.060000,20240308,93035280,400,5224,83,1287202,0,48,1287201,1249124,2013,2,20240308093035280
000004.SZ,13.060000,20240308,93035280,300,3918,83,1287203,0,48,1287201,1277654,2013,2,20240308093035280
000004.SZ,13.060000,20240308,93035760,100,1306,66,1291160,0,48,1287201,1291159,2013,1,20240308093035760
000004.SZ,13.060000,20240308,93035760,900,11754,66,1291161,0,48,1287685,1291159,2013,1,20240308093035760
000004.SZ,13.050000,20240308,93036340,100,1305,83,1297148,0,48,1297147,1271569,2013,2,20240308093036340
000004.SZ,13.030000,20240308,93036340,800,10424,83,1297149,0,48,1297147,935889,2013,2,20240308093036340
000004.SZ,0.000000,20240308,93036650,100,0,32,1300278,0,67,0,1294699,2013,0,20240308093036650
000004.SZ,0.000000,20240308,93037250,1500,0,32,1308588,0,67,1039436,0,2013,0,20240308093037250
000004.SZ,13.060000,20240308,93037480,100,1306,66,1312540,0,48,1287685,1312539,2013,1,20240308093037480
000004.SZ,13.070000,20240308,93037480,300,3921,66,1312541,0,48,1271472,1312539,2013,1,20240308093037480
000004.SZ,0.000000,20240308,93037620,100,0,32,1314410,0,67,1127958,0,2013,0,20240308093037620
000004.SZ,13.070000,20240308,93037760,400,5228,83,1316041,0,48,1316040,1312539,2013,2,20240308093037760
000004.SZ,13.070000,20240308,93037840,1600,20912,83,1316807,0,48,1316806,1312539,2013,2,20240308093037840
000004.SZ,0.000000,20240308,93038370,15000,0,32,1321671,0,67,915729,0,2013,0,20240308093038370
000004.SZ,0.000000,20240308,93038520,500,0,32,1322725,0,67,0,1276269,2013,0,20240308093038520
000004.SZ,0.000000,20240308,93038820,2700,0,32,1325101,0,67,1156750,0,2013,0,20240308093038820
000004.SZ,0.000000,20240308,93039650,100,0,32,1332427,0,67,0,1327912,2013,0,20240308093039650
000004.SZ,13.050000,20240308,93040830,100,1305,66,1343746,0,48,1316806,1343745,2013,1,20240308093040830
000004.SZ,13.050000,20240308,93041430,300,3915,66,1348554,0,48,1316806,1348553,2013,1,20240308093041430
000004.SZ,13.050000,20240308,93041470,200,2610,66,1348785,0,48,1316806,1348784,2013,1,20240308093041470
000004.SZ,13.050000,20240308,93041710,2200,28710,66,1350891,0,48,1316806,1350890,2013,1,20240308093041710
000004.SZ,13.050000,20240308,93041710,300,3915,66,1350892,0,48,1336553,1350890,2013,1,20240308093041710
000004.SZ,13.050000,20240308,93041710,100,1305,66,1350893,0,48,1340642,1350890,2013,1,20240308093041710
000004.SZ,13.050000,20240308,93041710,1100,14355,66,1350894,0,48,1343248,1350890,2013,1,20240308093041710
000004.SZ,13.060000,20240308,93042170,100,1306,66,1354655,0,48,1323122,1354654,2013,1,20240308093042170
000004.SZ,13.060000,20240308,93042170,600,7836,66,1354656,0,48,1352777,1354654,2013,1,20240308093042170
000004.SZ,13.060000,20240308,93042360,1200,15672,83,1356247,0,48,1356246,1354654,2013,2,20240308093042360
000004.SZ,13.060000,20240308,93042440,100,1306,83,1357148,0,48,1357147,1354654,2013,2,20240308093042440
000004.SZ,0.000000,20240308,93042650,100,0,32,1358856,0,67,0,1354449,2013,0,20240308093042650
000004.SZ,13.080000,20240308,93043530,2200,28776,66,1366948,0,48,1147862,1366947,2013,1,20240308093043530
000004.SZ,13.060000,20240308,93043750,500,6530,83,1368724,0,48,1368723,1354654,2013,2,20240308093043750
000004.SZ,13.060000,20240308,93044800,100,1306,83,1376269,0,48,1376268,1354654,2013,2,20240308093044800
000004.SZ,13.060000,20240308,93045270,200,2612,83,1380249,0,48,1380248,1354654,2013,2,20240308093045270
000004.SZ,0.000000,20240308,93045650,100,0,32,1383954,0,67,0,1379136,2013,0,20240308093045650
000004.SZ,13.060000,20240308,93045960,100,1306,83,1386776,0,48,1386775,1354654,2013,2,20240308093045960
000004.SZ,13.080000,20240308,93047110,500,6540,66,1396878,0,48,1147862,1396877,2013,1,20240308093047110
000004.SZ,0.000000,20240308,93047410,400,0,32,1398959,0,67,293892,0,2013,0,20240308093047410
000004.SZ,13.060000,20240308,93047490,100,1306,83,1399559,0,48,1399558,1354654,2013,2,20240308093047490
000004.SZ,13.060000,20240308,93047820,700,9142,83,1401956,0,48,1401955,1354654,2013,2,20240308093047820
000004.SZ,0.000000,20240308,93048020,3000,0,32,1403655,0,67,0,1261123,2013,0,20240308093048020
000004.SZ,13.080000,20240308,93048610,200,2616,66,1409026,0,48,1147862,1409025,2013,1,20240308093048610
000004.SZ,0.000000,20240308,93048650,100,0,32,1409306,0,67,0,1404641,2013,0,20240308093048650
000004.SZ,13.060000,20240308,93048690,300,3918,83,1409694,0,48,1409693,1354654,2013,2,20240308093048690
000004.SZ,13.080000,20240308,93049060,300,3924,66,1412970,0,48,1147862,1412969,2013,1,20240308093049060
000004.SZ,13.060000,20240308,93049610,500,6530,83,1417958,0,48,1417957,1354654,2013,2,20240308093049610
000004.SZ,13.060000,20240308,93049610,100,1306,83,1417959,0,48,1417957,1375812,2013,2,20240308093049610
000004.SZ,13.080000,20240308,93050210,1800,23544,66,1422297,0,48,1147862,1422296,2013,1,20240308093050210
000004.SZ,13.080000,20240308,93050660,2200,28776,66,1425294,0,48,1158053,1425293,2013,1,20240308093050660
000004.SZ,13.080000,20240308,93050850,1600,20928,83,1426458,0,48,1426457,1425293,2013,2,20240308093050850
000004.SZ,13.060000,20240308,93050850,400,5224,83,1426459,0,48,1426457,1375812,2013,2,20240308093050850
000004.SZ,13.060000,20240308,93050850,300,3918,83,1426460,0,48,1426457,1395064,2013,2,20240308093050850
000004.SZ,13.060000,20240308,93050850,10000,130600,83,1426461,0,48,1426457,1403240,2013,2,20240308093050850
000004.SZ,13.060000,20240308,93050850,800,10448,83,1426462,0,48,1426457,1406016,2013,2,20240308093050850
000004.SZ,0.000000,20240308,93050990,300,0,32,1427495,0,67,0,1372790,2013,0,20240308093050990
000004.SZ,13.060000,20240308,93051270,700,9142,66,1429616,0,48,1426457,1429615,2013,1,20240308093051270
000004.SZ,13.060000,20240308,93051270,2800,36568,66,1429617,0,48,1426476,1429615,2013,1,20240308093051270
000004.SZ,13.060000,20240308,93051570,300,3918,66,1432216,0,48,1426476,1432215,2013,1,20240308093051570
000004.SZ,0.000000,20240308,93051650,100,0,32,1432757,0,67,0,1428718,2013,0,20240308093051650
000004.SZ,13.060000,20240308,93052190,100,1306,66,1437129,0,48,1426476,1437128,2013,1,20240308093052190
000004.SZ,13.060000,20240308,93052330,2700,35262,66,1438559,0,48,1426476,1438558,2013,1,20240308093052330
000004.SZ,13.060000,20240308,93052340,5100,66606,66,1438684,0,48,1426476,1438683,2013,1,20240308093052340
000004.SZ,13.060000,20240308,93052620,1300,16978,66,1441033,0,48,1426476,1441032,2013,1,20240308093052620
000004.SZ,13.060000,20240308,93052690,2000,26120,66,1441716,0,48,1426476,1441715,2013,1,20240308093052690
000004.SZ,0.000000,20240308,93052830,500,0,32,1442686,0,67,1083119,0,2013,0,20240308093052830
000004.SZ,13.060000,20240308,93052840,1900,24814,66,1442750,0,48,1426476,1442749,2013,1,20240308093052840
000004.SZ,13.060000,20240308,93052840,3200,41792,66,1442751,0,48,1426513,1442749,2013,1,20240308093052840
000004.SZ,13.050000,20240308,93053060,200,2610,83,1444316,0,48,1444315,1350890,2013,2,20240308093053060
000004.SZ,13.060000,20240308,93053080,1500,19590,66,1444462,0,48,1426513,1444461,2013,1,20240308093053080
000004.SZ,13.060000,20240308,93053480,4500,58770,66,1447351,0,48,1426513,1447350,2013,1,20240308093053480
000004.SZ,13.060000,20240308,93053820,100,1306,66,1449426,0,48,1426513,1449425,2013,1,20240308093053820
000004.SZ,13.050000,20240308,93054370,100,1305,83,1453244,0,48,1453243,1350890,2013,2,20240308093054370
000004.SZ,0.000000,20240308,93054650,100,0,32,1455744,0,67,0,1451625,2013,0,20240308093054650
000004.SZ,0.000000,20240308,93054940,8200,0,32,1458186,0,67,1418018,0,2013,0,20240308093054940
000004.SZ,13.060000,20240308,93055010,3000,39180,66,1458773,0,48,1426513,1458772,2013,1,20240308093055010
000004.SZ,13.060000,20240308,93055020,3200,41792,66,1458897,0,48,1426513,1458896,2013,1,20240308093055020
000004.SZ,0.000000,20240308,93055890,100,0,32,1466715,0,67,960182,0,2013,0,20240308093055890
000004.SZ,0.000000,20240308,93055950,1600,0,32,1467186,0,67,0,746123,2013,0,20240308093055950
000004.SZ,13.050000,20240308,93056100,4900,63945,83,1468389,0,48,1468388,1350890,2013,2,20240308093056100
000004.SZ,13.060000,20240308,93056500,500,6530,66,1471569,0,48,1426513,1471568,2013,1,20240308093056500
000004.SZ,13.050000,20240308,93056670,5800,75690,83,1472689,0,48,1472688,1350890,2013,2,20240308093056670
000004.SZ,0.000000,20240308,93057100,3000,0,32,1476244,0,67,1434459,0,2013,0,20240308093057100
000004.SZ,13.060000,20240308,93057330,1600,20896,66,1478324,0,48,1426513,1478323,2013,1,20240308093057330
000004.SZ,13.060000,20240308,93057330,100,1306,66,1478325,0,48,1442459,1478323,2013,1,20240308093057330
000004.SZ,13.060000,20240308,93057580,300,3918,66,1480808,0,48,1442459,1480807,2013,1,20240308093057580
000004.SZ,13.060000,20240308,93057580,100,1306,66,1480809,0,48,1466741,1480807,2013,1,20240308093057580
000004.SZ,13.060000,20240308,93057580,600,7836,66,1480810,0,48,1479434,1480807,2013,1,20240308093057580
000004.SZ,0.000000,20240308,93057650,100,0,32,1481501,0,67,0,1476724,2013,0,20240308093057650
000004.SZ,13.050000,20240308,93057860,1900,24795,83,1483121,0,48,1483120,1350890,2013,2,20240308093057860
000004.SZ,13.060000,20240308,93057920,500,6530,66,1483585,0,48,1479434,1483584,2013,1,20240308093057920
000004.SZ,13.050000,20240308,93058540,100,1305,83,1488848,0,48,1488847,1350890,2013,2,20240308093058540
000004.SZ,13.050000,20240308,93059260,300,3915,83,1494799,0,48,1494798,1350890,2013,2,20240308093059260
000004.SZ,13.060000,20240308,93059930,200,2612,66,1499499,0,48,1479434,1499498,2013,1,20240308093059930
000004.SZ,13.050000,20240308,93100080,9100,118755,83,1500779,0,48,1500778,1350890,2013,2,20240308093100080
000004.SZ,13.060000,20240308,93100080,1400,18284,66,1500859,0,48,1479434,1500858,2013,1,20240308093100080
000004.SZ,13.050000,20240308,93100380,500,6525,83,1503976,0,48,1503975,1350890,2013,2,20240308093100380
000004.SZ,13.050000,20240308,93100390,3000,39150,83,1504102,0,48,1504101,1350890,2013,2,20240308093100390
000004.SZ,13.060000,20240308,93100630,400,5224,66,1507123,0,48,1479434,1507122,2013,1,20240308093100630
000004.SZ,0.000000,20240308,93100650,100,0,32,1507473,0,67,0,1501497,2013,0,20240308093100650
000004.SZ,13.050000,20240308,93100700,600,7830,83,1508029,0,48,1508028,1350890,2013,2,20240308093100700
000004.SZ,13.060000,20240308,93101320,600,7836,66,1514306,0,48,1479434,1514305,2013,1,20240308093101320
000004.SZ,13.060000,20240308,93101320,700,9142,66,1514307,0,48,1480890,1514305,2013,1,20240308093101320
000004.SZ,13.060000,20240308,93101440,200,2612,83,1515387,0,48,1515386,1514305,2013,2,20240308093101440
000004.SZ,13.060000,20240308,93101480,900,11754,83,1515853,0,48,1515852,1514305,2013,2,20240308093101480
000004.SZ,0.000000,20240308,93102330,5000,0,32,1523311,0,67,1070517,0,2013,0,20240308093102330
000004.SZ,13.060000,20240308,93102340,2000,26120,83,1523392,0,48,1523391,1514305,2013,2,20240308093102340
000004.SZ,13.060000,20240308,93102340,200,2612,83,1523393,0,48,1523391,1518906,2013,2,20240308093102340
000004.SZ,0.000000,20240308,93102590,100,0,32,1526654,0,67,217622,0,2013,0,20240308093102590
000004.SZ,13.050000,20240308,93103320,400,5220,83,1534088,0,48,1534087,1350890,2013,2,20240308093103320
000004.SZ,13.050000,20240308,93103320,100,1305,83,1534089,0,48,1534087,1371496,2013,2,20240308093103320
000004.SZ,13.050000,20240308,93103320,100,1305,83,1534090,0,48,1534087,1411302,2013,2,20240308093103320
000004.SZ,13.050000,20240308,93103320,700,9135,83,1534091,0,48,1534087,1414122,2013,2,20240308093103320
000004.SZ,13.050000,20240308,93103320,100,1305,83,1534092,0,48,1534087,1429485,2013,2,20240308093103320
000004.SZ,13.050000,20240308,93103320,800,10440,83,1534093,0,48,1534087,1501854,2013,2,20240308093103320
000004.SZ,13.050000,20240308,93103320,300,3915,83,1534094,0,48,1534087,1526426,2013,2,20240308093103320
000004.SZ,13.050000,20240308,93103480,5000,65250,66,1535978,0,48,1534087,1535977,2013,1,20240308093103480
000004.SZ,13.050000,20240308,93103580,500,6525,66,1536754,0,48,1534087,1536753,2013,1,20240308093103580
000004.SZ,0.000000,20240308,93103650,100,0,32,1537661,0,67,0,1532668,2013,0,20240308093103650
000004.SZ,13.030000,20240308,93105010,300,3909,83,1551368,0,48,1551367,935889,2013,2,20240308093105010
000004.SZ,13.050000,20240308,93105530,100,1305,66,1555884,0,48,1534087,1555883,2013,1,20240308093105530
000004.SZ,0.000000,20240308,93106060,900,0,32,1559920,0,67,794258,0,2013,0,20240308093106060
000004.SZ,13.050000,20240308,93106510,400,5220,66,1564211,0,48,1534087,1564210,2013,1,20240308093106510
000004.SZ,0.000000,20240308,93106640,1600,0,32,1565365,0,67,77422,0,2013,0,20240308093106640
000004.SZ,0.000000,20240308,93106650,100,0,32,1565518,0,67,0,1560686,2013,0,20240308093106650
000004.SZ,13.050000,20240308,93107060,500,6525,66,1569731,0,48,1534087,1569730,2013,1,20240308093107060
000004.SZ,13.050000,20240308,93107250,1600,20880,66,1572189,0,48,1534087,1572188,2013,1,20240308093107250
000004.SZ,13.050000,20240308,93107250,400,5220,66,1572190,0,48,1534764,1572188,2013,1,20240308093107250
000004.SZ,13.050000,20240308,93107260,100,1305,66,1572333,0,48,1534764,1572332,2013,1,20240308093107260
000004.SZ,0.000000,20240308,93107450,700,0,32,1574336,0,67,1541959,0,2013,0,20240308093107450
000004.SZ,13.050000,20240308,93108190,4100,53505,66,1581116,0,48,1534764,1581115,2013,1,20240308093108190
000004.SZ,13.050000,20240308,93108400,300,3915,66,1582889,0,48,1534764,1582888,2013,1,20240308093108400
000004.SZ,13.050000,20240308,93108760,100,1305,66,1585431,0,48,1534764,1585430,2013,1,20240308093108760
000004.SZ,13.040000,20240308,93109380,1200,15648,83,1590615,0,48,1590614,1556625,2013,2,20240308093109380
000004.SZ,0.000000,20240308,93109610,1100,0,32,1593342,0,67,1557669,0,2013,0,20240308093109610
000004.SZ,0.000000,20240308,93109650,100,0,32,1593713,0,67,0,1588304,2013,0,20240308093109650
000004.SZ,0.000000,20240308,93109920,100,0,32,1596008,0,67,0,739380,2013,0,20240308093109920
000004.SZ,13.050000,20240308,93110680,700,9135,66,1602663,0,48,1534764,1602662,2013,1,20240308093110680
000004.SZ,13.050000,20240308,93110720,400,5220,66,1602963,0,48,1534764,1602962,2013,1,20240308093110720
000004.SZ,13.040000,20240308,93110790,200,2608,83,1603471,0,48,1603470,1556625,2013,2,20240308093110790
000004.SZ,13.040000,20240308,93110790,700,9128,83,1603472,0,48,1603470,1591012,2013,2,20240308093110790
000004.SZ,13.040000,20240308,93111130,1200,15648,66,1606080,0,48,1603470,1606079,2013,1,20240308093111130
000004.SZ,13.050000,20240308,93111130,2800,36540,66,1606081,0,48,1534764,1606079,2013,1,20240308093111130
000004.SZ,13.040000,20240308,93111270,300,3912,83,1607064,0,48,1607063,1606383,2013,2,20240308093111270
000004.SZ,13.040000,20240308,93111320,1500,19560,83,1607431,0,48,1607430,1606383,2013,2,20240308093111320
000004.SZ,13.030000,20240308,93111320,300,3909,83,1607432,0,48,1607430,935889,2013,2,20240308093111320
000004.SZ,13.030000,20240308,93111320,400,5212,83,1607433,0,48,1607430,1274990,2013,2,20240308093111320
000004.SZ,13.030000,20240308,93111320,400,5212,83,1607434,0,48,1607430,1276888,2013,2,20240308093111320
000004.SZ,13.030000,20240308,93111320,100,1303,83,1607435,0,48,1607430,1425021,2013,2,20240308093111320
000004.SZ,13.030000,20240308,93111320,1000,13030,83,1607436,0,48,1607430,1533786,2013,2,20240308093111320
000004.SZ,13.030000,20240308,93111320,300,3909,83,1607437,0,48,1607430,1542685,2013,2,20240308093111320
000004.SZ,13.030000,20240308,93111320,2700,35181,83,1607438,0,48,1607430,1582781,2013,2,20240308093111320
000004.SZ,13.020000,20240308,93111320,1400,18228,83,1607439,0,48,1607430,620435,2013,2,20240308093111320
000004.SZ,13.020000,20240308,93111320,1000,13020,83,1607440,0,48,1607430,702761,2013,2,20240308093111320
000004.SZ,13.020000,20240308,93111320,500,6510,83,1607441,0,48,1607430,930952,2013,2,20240308093111320
000004.SZ,13.020000,20240308,93111320,1000,13020,83,1607442,0,48,1607430,1318501,2013,2,20240308093111320
000004.SZ,13.020000,20240308,93111320,400,5208,83,1607443,0,48,1607430,1447060,2013,2,20240308093111320
000004.SZ,13.010000,20240308,93111320,200,2602,83,1607444,0,48,1607430,14841,2013,2,20240308093111320
000004.SZ,13.010000,20240308,93111320,100,1301,83,1607445,0,48,1607430,337597,2013,2,20240308093111320
000004.SZ,13.010000,20240308,93111320,1000,13010,83,1607446,0,48,1607430,602175,2013,2,20240308093111320
000004.SZ,13.010000,20240308,93111320,200,2602,83,1607447,0,48,1607430,615571,2013,2,20240308093111320
000004.SZ,13.010000,20240308,93111320,200,2602,83,1607448,0,48,1607430,745344,2013,2,20240308093111320
000004.SZ,13.010000,20240308,93111320,1000,13010,83,1607449,0,48,1607430,762639,2013,2,20240308093111320
000004.SZ,13.010000,20240308,93111320,2000,26020,83,1607450,0,48,1607430,778348,2013,2,20240308093111320
000004.SZ,13.010000,20240308,93111320,300,3903,83,1607451,0,48,1607430,821390,2013,2,20240308093111320
000004.SZ,13.010000,20240308,93111320,800,10408,83,1607452,0,48,1607430,913544,2013,2,20240308093111320
000004.SZ,13.010000,20240308,93111320,300,3903,83,1607453,0,48,1607430,1512372,2013,2,20240308093111320
000004.SZ,13.010000,20240308,93111320,100,1301,83,1607454,0,48,1607430,1527327,2013,2,20240308093111320
000004.SZ,13.000000,20240308,93111320,400,5200,83,1607455,0,48,1607430,321763,2013,2,20240308093111320
000004.SZ,13.000000,20240308,93111320,300,3900,83,1607456,0,48,1607430,348358,2013,2,20240308093111320
000004.SZ,13.000000,20240308,93111320,600,7800,83,1607457,0,48,1607430,610296,2013,2,20240308093111320
000004.SZ,13.000000,20240308,93111320,600,7800,83,1607458,0,48,1607430,621072,2013,2,20240308093111320
000004.SZ,13.000000,20240308,93111320,600,7800,83,1607459,0,48,1607430,636984,2013,2,20240308093111320
000004.SZ,13.000000,20240308,93111320,100,1300,83,1607460,0,48,1607430,659552,2013,2,20240308093111320
000004.SZ,13.000000,20240308,93111320,300,3900,83,1607461,0,48,1607430,675332,2013,2,20240308093111320
000004.SZ,13.000000,20240308,93111320,500,6500,83,1607462,0,48,1607430,770856,2013,2,20240308093111320
000004.SZ,13.000000,20240308,93111320,2000,26000,83,1607463,0,48,1607430,788900,2013,2,20240308093111320
000004.SZ,13.000000,20240308,93111320,200,2600,83,1607464,0,48,1607430,794154,2013,2,20240308093111320
000004.SZ,13.000000,20240308,93111320,900,11700,83,1607465,0,48,1607430,1258087,2013,2,20240308093111320
000004.SZ,13.000000,20240308,93111320,300,3900,83,1607466,0,48,1607430,1419609,2013,2,20240308093111320
000004.SZ,13.000000,20240308,93111320,700,9100,83,1607467,0,48,1607430,1500986,2013,2,20240308093111320
000004.SZ,13.000000,20240308,93111320,500,6500,83,1607468,0,48,1607430,1526088,2013,2,20240308093111320
000004.SZ,12.990000,20240308,93111320,3900,50661,83,1607469,0,48,1607430,73,2013,2,20240308093111320
000004.SZ,13.040000,20240308,93111440,100,1304,66,1608245,0,48,1607743,1608244,2013,1,20240308093111440
000004.SZ,13.040000,20240308,93111590,100,1304,66,1609299,0,48,1607743,1609298,2013,1,20240308093111590
000004.SZ,13.050000,20240308,93112030,500,6525,66,1612374,0,48,1534764,1612373,2013,1,20240308093112030
000004.SZ,0.000000,20240308,93112650,100,0,32,1618922,0,67,0,1614449,2013,0,20240308093112650
000004.SZ,13.040000,20240308,93113230,200,2608,83,1623502,0,48,1623501,1614309,2013,2,20240308093113230
000004.SZ,13.040000,20240308,93114130,100,1304,66,1631142,0,48,1623501,1631141,2013,1,20240308093114130
000004.SZ,13.030000,20240308,93115160,300,3909,83,1638261,0,48,1638260,1611039,2013,2,20240308093115160
000004.SZ,13.040000,20240308,93115370,400,5216,66,1640105,0,48,1623501,1640104,2013,1,20240308093115370
000004.SZ,13.040000,20240308,93115370,100,1304,66,1640106,0,48,1628703,1640104,2013,1,20240308093115370
000004.SZ,13.050000,20240308,93115370,200,2610,66,1640107,0,48,1536373,1640104,2013,1,20240308093115370
000004.SZ,0.000000,20240308,93115650,100,0,32,1642644,0,67,0,1638169,2013,0,20240308093115650
000004.SZ,13.050000,20240308,93115850,3100,40455,66,1644289,0,48,1536373,1644288,2013,1,20240308093115850
000004.SZ,0.000000,20240308,93116410,100,0,32,1649034,0,67,1514744,0,2013,0,20240308093116410
000004.SZ,0.000000,20240308,93116990,2300,0,32,1653407,0,67,1232242,0,2013,0,20240308093116990
000004.SZ,0.000000,20240308,93117860,200,0,32,1659473,0,67,1566303,0,2013,0,20240308093117860
000004.SZ,0.000000,20240308,93117920,3200,0,32,1659833,0,67,1038728,0,2013,0,20240308093117920
000004.SZ,0.000000,20240308,93117980,300,0,32,1660242,0,67,1541236,0,2013,0,20240308093117980
000004.SZ,0.000000,20240308,93117980,100,0,32,1660243,0,67,1568785,0,2013,0,20240308093117980
000004.SZ,13.030000,20240308,93118630,500,6515,66,1665278,0,48,1659381,1665277,2013,1,20240308093118630
000004.SZ,0.000000,20240308,93118650,100,0,32,1665478,0,67,0,1661476,2013,0,20240308093118650
000004.SZ,13.030000,20240308,93119020,400,5212,66,1668582,0,48,1659381,1668581,2013,1,20240308093119020
000004.SZ,13.020000,20240308,93119510,100,1302,83,1672882,0,48,1672881,1608590,2013,2,20240308093119510
000004.SZ,13.000000,20240308,93119510,2000,26000,83,1672883,0,48,1672881,1611632,2013,2,20240308093119510
000004.SZ,13.000000,20240308,93119510,2000,26000,83,1672884,0,48,1672881,1648271,2013,2,20240308093119510
000004.SZ,12.990000,20240308,93119510,37500,487125,83,1672885,0,48,1672881,73,2013,2,20240308093119510
000004.SZ,12.990000,20240308,93119510,400,5196,83,1672886,0,48,1672881,237672,2013,2,20240308093119510
000004.SZ,12.990000,20240308,93119510,200,2598,83,1672887,0,48,1672881,675113,2013,2,20240308093119510
000004.SZ,12.980000,20240308,93119510,100,1298,83,1672888,0,48,1672881,399786,2013,2,20240308093119510
000004.SZ,12.980000,20240308,93119510,500,6490,83,1672889,0,48,1672881,678677,2013,2,20240308093119510
000004.SZ,12.980000,20240308,93119510,12300,159654,66,1672946,0,48,1672881,1672945,2013,1,20240308093119510
000004.SZ,12.980000,20240308,93119660,1700,22066,83,1674171,0,48,1674170,1673019,2013,2,20240308093119660
000004.SZ,13.020000,20240308,93121310,300,3906,66,1685992,0,48,1679369,1685991,2013,1,20240308093121310
000004.SZ,13.000000,20240308,93121380,800,10400,83,1686603,0,48,1686602,1676229,2013,2,20240308093121380
000004.SZ,13.000000,20240308,93121380,900,11700,83,1686604,0,48,1686602,1681658,2013,2,20240308093121380
000004.SZ,12.980000,20240308,93121640,200,2596,83,1688782,0,48,1688781,1673019,2013,2,20240308093121640
000004.SZ,0.000000,20240308,93121650,100,0,32,1688847,0,67,0,1684725,2013,0,20240308093121650
000004.SZ,13.000000,20240308,93122020,600,7800,66,1691316,0,48,1686602,1691315,2013,1,20240308093122020
000004.SZ,13.000000,20240308,93122020,400,5200,66,1691317,0,48,1686822,1691315,2013,1,20240308093122020
000004.SZ,13.000000,20240308,93122130,500,6500,66,1692378,0,48,1686822,1692377,2013,1,20240308093122130
000004.SZ,13.000000,20240308,93122630,1000,13000,66,1696420,0,48,1686822,1696419,2013,1,20240308093122630
000004.SZ,13.000000,20240308,93123460,1500,19500,66,1702186,0,48,1686822,1702185,2013,1,20240308093123460
000004.SZ,13.010000,20240308,93123880,100,1301,66,1704875,0,48,1702440,1704874,2013,1,20240308093123880
000004.SZ,13.020000,20240308,93123880,400,5208,66,1704876,0,48,1679369,1704874,2013,1,20240308093123880
000004.SZ,0.000000,20240308,93124310,10300,0,32,1707866,0,67,1677852,0,2013,0,20240308093124310
000004.SZ,0.000000,20240308,93124650,100,0,32,1710801,0,67,0,1706839,2013,0,20240308093124650
000004.SZ,0.000000,20240308,93124740,6900,0,32,1711478,0,67,1030611,0,2013,0,20240308093124740
000004.SZ,0.000000,20240308,93125280,1000,0,32,1715768,0,67,0,49709,2013,0,20240308093125280
000004.SZ,13.020000,20240308,93125330,1300,16926,66,1716146,0,48,1679369,1716145,2013,1,20240308093125330
000004.SZ,13.020000,20240308,93125330,100,1302,66,1716147,0,48,1680720,1716145,2013,1,20240308093125330
000004.SZ,13.020000,20240308,93125330,200,2604,66,1716148,0,48,1686122,1716145,2013,1,20240308093125330
000004.SZ,13.020000,20240308,93126440,200,2604,66,1723872,0,48,1686122,1723871,2013,1,20240308093126440
000004.SZ,13.020000,20240308,93126440,300,3906,66,1723873,0,48,1686523,1723871,2013,1,20240308093126440
000004.SZ,13.020000,20240308,93126440,200,2604,66,1723874,0,48,1692535,1723871,2013,1,20240308093126440
000004.SZ,13.020000,20240308,93126440,300,3906,66,1723875,0,48,1694999,1723871,2013,1,20240308093126440
000004.SZ,0.000000,20240308,93126500,100,0,32,1724328,0,67,1631838,0,2013,0,20240308093126500
000004.SZ,13.020000,20240308,93126760,100,1302,66,1725842,0,48,1694999,1725841,2013,1,20240308093126760
000004.SZ,13.020000,20240308,93126760,400,5208,66,1725843,0,48,1705617,1725841,2013,1,20240308093126760
000004.SZ,13.000000,20240308,93126880,1500,19500,83,1726556,0,48,1726555,1702185,2013,2,20240308093126880
000004.SZ,13.000000,20240308,93126980,4600,59800,83,1727167,0,48,1727166,1702185,2013,2,20240308093126980
000004.SZ,0.000000,20240308,93127190,600,0,32,1728630,0,67,334323,0,2013,0,20240308093127190
000004.SZ,13.020000,20240308,93127230,500,6510,66,1728897,0,48,1727910,1728896,2013,1,20240308093127230
000004.SZ,0.000000,20240308,93127520,700,0,32,1731237,0,67,0,1673019,2013,0,20240308093127520
000004.SZ,0.000000,20240308,93127530,5900,0,32,1731269,0,67,0,1673050,2013,0,20240308093127530
000004.SZ,0.000000,20240308,93127650,100,0,32,1732250,0,67,0,1728405,2013,0,20240308093127650
000004.SZ,13.020000,20240308,93127810,200,2604,83,1733432,0,48,1733431,1728896,2013,2,20240308093127810
000004.SZ,13.020000,20240308,93127810,1300,16926,83,1733433,0,48,1733431,1730861,2013,2,20240308093127810
000004.SZ,13.020000,20240308,93127870,600,7812,83,1733860,0,48,1733859,1730861,2013,2,20240308093127870
000004.SZ,13.020000,20240308,93127940,6000,78120,83,1734264,0,48,1734263,1730861,2013,2,20240308093127940
000004.SZ,13.000000,20240308,93127940,4300,55900,83,1734265,0,48,1734263,1702185,2013,2,20240308093127940
000004.SZ,0.000000,20240308,93127960,500,0,32,1734446,0,67,1727225,0,2013,0,20240308093127960
000004.SZ,13.020000,20240308,93127990,600,7812,66,1734643,0,48,1734449,1734642,2013,1,20240308093127990
000004.SZ,13.030000,20240308,93127990,1600,20848,66,1734644,0,48,1665856,1734642,2013,1,20240308093127990
000004.SZ,13.030000,20240308,93127990,800,10424,66,1734645,0,48,1668467,1734642,2013,1,20240308093127990
000004.SZ,13.000000,20240308,93128060,200,2600,83,1735290,0,48,1735289,1702185,2013,2,20240308093128060
000004.SZ,0.000000,20240308,93128360,2200,0,32,1737706,0,67,1617847,0,2013,0,20240308093128360
000004.SZ,0.000000,20240308,93128460,1900,0,32,1738622,0,67,1433198,0,2013,0,20240308093128460
000004.SZ,13.000000,20240308,93128550,7900,102700,83,1739263,0,48,1739262,1702185,2013,2,20240308093128550
000004.SZ,13.000000,20240308,93128550,400,5200,83,1739264,0,48,1739262,1706555,2013,2,20240308093128550
000004.SZ,12.980000,20240308,93128550,300,3894,83,1739265,0,48,1739262,1735473,2013,2,20240308093128550
000004.SZ,12.980000,20240308,93129300,5600,72688,66,1744431,0,48,1739262,1744430,2013,1,20240308093129300
000004.SZ,12.980000,20240308,93129810,1100,14278,66,1747774,0,48,1739262,1747773,2013,1,20240308093129810
000004.SZ,12.970000,20240308,93130140,200,2594,83,1750211,0,48,1750210,726289,2013,2,20240308093130140
000004.SZ,12.980000,20240308,93130260,1500,19470,66,1751051,0,48,1739262,1751050,2013,1,20240308093130260
000004.SZ,13.000000,20240308,93130260,3300,42900,66,1751052,0,48,1747680,1751050,2013,1,20240308093130260
000004.SZ,0.000000,20240308,93130650,100,0,32,1754741,0,67,0,1750325,2013,0,20240308093130650
000004.SZ,0.000000,20240308,93131320,600,0,32,1759825,0,67,1670801,0,2013,0,20240308093131320
000004.SZ,13.000000,20240308,93131450,500,6500,66,1760799,0,48,1747680,1760798,2013,1,20240308093131450
000004.SZ,13.000000,20240308,93131470,700,9100,66,1760975,0,48,1747680,1760974,2013,1,20240308093131470
000004.SZ,0.000000,20240308,93131800,400,0,32,1763224,0,67,0,783148,2013,0,20240308093131800
000004.SZ,12.980000,20240308,93133470,100,1298,83,1774408,0,48,1774407,1751162,2013,2,20240308093133470
000004.SZ,12.980000,20240308,93133470,100,1298,83,1774409,0,48,1774407,1753474,2013,2,20240308093133470
000004.SZ,0.000000,20240308,93133650,100,0,32,1775819,0,67,0,1771749,2013,0,20240308093133650
000004.SZ,12.970000,20240308,93134390,100,1297,83,1781200,0,48,1781199,726289,2013,2,20240308093134390
000004.SZ,12.970000,20240308,93134410,200,2594,83,1781353,0,48,1781352,726289,2013,2,20240308093134410
000004.SZ,0.000000,20240308,93134420,100,0,32,1781386,0,67,1535651,0,2013,0,20240308093134420
000004.SZ,12.970000,20240308,93134820,200,2594,83,1784016,0,48,1784015,912171,2013,2,20240308093134820
000004.SZ,12.970000,20240308,93134820,400,5188,83,1784017,0,48,1784015,1783617,2013,2,20240308093134820
000004.SZ,0.000000,20240308,93134840,900,0,32,1784168,0,67,1738556,0,2013,0,20240308093134840
000004.SZ,0.000000,20240308,93135880,8400,0,32,1791158,0,67,1747680,0,2013,0,20240308093135880
000004.SZ,12.970000,20240308,93136060,1100,14267,83,1792347,0,48,1792346,1783617,2013,2,20240308093136060
000004.SZ,12.980000,20240308,93136070,100,1298,66,1792418,0,48,1774407,1792417,2013,1,20240308093136070
000004.SZ,12.980000,20240308,93136070,200,2596,66,1792442,0,48,1774407,1792441,2013,1,20240308093136070
000004.SZ,13.000000,20240308,93136180,300,3900,66,1793258,0,48,1747931,1793257,2013,1,20240308093136180
000004.SZ,13.000000,20240308,93136180,200,2600,66,1793259,0,48,1754136,1793257,2013,1,20240308093136180
000004.SZ,13.000000,20240308,93136180,700,9100,66,1793282,0,48,1754136,1793281,2013,1,20240308093136180
000004.SZ,13.000000,20240308,93136180,300,3900,66,1793315,0,48,1754136,1793314,2013,1,20240308093136180
000004.SZ,13.000000,20240308,93136180,100,1300,66,1793316,0,48,1761817,1793314,2013,1,20240308093136180
000004.SZ,13.000000,20240308,93136180,200,2600,66,1793317,0,48,1763333,1793314,2013,1,20240308093136180
000004.SZ,13.000000,20240308,93136190,6800,88400,66,1793353,0,48,1763333,1793352,2013,1,20240308093136190
000004.SZ,13.000000,20240308,93136190,1600,20800,66,1793354,0,48,1763816,1793352,2013,1,20240308093136190
000004.SZ,13.000000,20240308,93136190,400,5200,66,1793355,0,48,1773386,1793352,2013,1,20240308093136190
000004.SZ,13.000000,20240308,93136190,200,2600,66,1793356,0,48,1785632,1793352,2013,1,20240308093136190
000004.SZ,0.000000,20240308,93136210,2200,0,32,1793542,0,67,1748233,0,2013,0,20240308093136210
000004.SZ,13.020000,20240308,93136400,200,2604,66,1795109,0,48,1752631,1795108,2013,1,20240308093136400
000004.SZ,0.000000,20240308,93136530,100,0,32,1796105,0,67,0,1793474,2013,0,20240308093136530
000004.SZ,13.000000,20240308,93136570,100,1300,83,1796454,0,48,1796453,1793352,2013,2,20240308093136570
000004.SZ,0.000000,20240308,93136650,100,0,32,1797066,0,67,0,1793059,2013,0,20240308093136650
000004.SZ,0.000000,20240308,93137270,500,0,32,1801872,0,67,1558383,0,2013,0,20240308093137270
000004.SZ,0.000000,20240308,93137290,600,0,32,1802024,0,67,0,1792441,2013,0,20240308093137290
000004.SZ,13.020000,20240308,93137700,100,1302,83,1805294,0,48,1805293,1803151,2013,2,20240308093137700
000004.SZ,13.020000,20240308,93137720,900,11718,83,1805453,0,48,1805452,1803151,2013,2,20240308093137720
000004.SZ,13.010000,20240308,93137720,600,7806,83,1805454,0,48,1805452,1796626,2013,2,20240308093137720
000004.SZ,13.000000,20240308,93137720,800,10400,83,1805455,0,48,1805452,1793352,2013,2,20240308093137720
000004.SZ,0.000000,20240308,93138220,2300,0,32,1809049,0,67,1574140,0,2013,0,20240308093138220
000004.SZ,13.020000,20240308,93139130,300,3906,83,1814541,0,48,1814540,1813921,2013,2,20240308093139130
000004.SZ,13.020000,20240308,93139340,4300,55986,83,1816049,0,48,1816048,1813921,2013,2,20240308093139340
000004.SZ,13.020000,20240308,93139340,1800,23436,83,1816050,0,48,1816048,1814023,2013,2,20240308093139340
000004.SZ,13.010000,20240308,93139340,300,3903,83,1816051,0,48,1816048,1808267,2013,2,20240308093139340
000004.SZ,13.010000,20240308,93139340,300,3903,83,1816052,0,48,1816048,1808419,2013,2,20240308093139340
000004.SZ,13.000000,20240308,93139340,300,3900,83,1816053,0,48,1816048,1793352,2013,2,20240308093139340
000004.SZ,12.990000,20240308,93139340,2300,29877,83,1816054,0,48,1816048,1814024,2013,2,20240308093139340
000004.SZ,12.980000,20240308,93139340,200,2596,83,1816055,0,48,1816048,1805800,2013,2,20240308093139340
000004.SZ,12.980000,20240308,93139340,500,6490,66,1816083,0,48,1816048,1816082,2013,1,20240308093139340
000004.SZ,12.980000,20240308,93139340,4000,51920,66,1816097,0,48,1816048,1816096,2013,1,20240308093139340
000004.SZ,12.980000,20240308,93139340,1000,12980,66,1816105,0,48,1816048,1816104,2013,1,20240308093139340
000004.SZ,12.980000,20240308,93139350,1500,19470,83,1816174,0,48,1816173,1816104,2013,2,20240308093139350
000004.SZ,0.000000,20240308,93139640,3000,0,32,1818353,0,67,0,1816104,2013,0,20240308093139640
000004.SZ,0.000000,20240308,93139650,100,0,32,1818406,0,67,0,1814694,2013,0,20240308093139650
000004.SZ,12.980000,20240308,93140030,400,5192,83,1821078,0,48,1821077,1816160,2013,2,20240308093140030
000004.SZ,13.000000,20240308,93140530,600,7800,83,1825221,0,48,1825220,1821178,2013,2,20240308093140530
000004.SZ,13.000000,20240308,93140530,700,9100,83,1825222,0,48,1825220,1823298,2013,2,20240308093140530
000004.SZ,0.000000,20240308,93141220,400,0,32,1829960,0,67,0,1821132,2013,0,20240308093141220
000004.SZ,0.000000,20240308,93141220,200,0,32,1829980,0,67,0,1821173,2013,0,20240308093141220
000004.SZ,0.000000,20240308,93141230,700,0,32,1830001,0,67,0,1821121,2013,0,20240308093141230
000004.SZ,0.000000,20240308,93141400,1000,0,32,1831141,0,67,1652441,0,2013,0,20240308093141400
000004.SZ,0.000000,20240308,93141590,300,0,32,1832258,0,67,1093223,0,2013,0,20240308093141590
000004.SZ,0.000000,20240308,93141590,800,0,32,1832264,0,67,870472,0,2013,0,20240308093141590
000004.SZ,13.010000,20240308,93142470,200,2602,83,1838559,0,48,1838558,1835290,2013,2,20240308093142470
000004.SZ,13.000000,20240308,93142470,2200,28600,83,1838560,0,48,1838558,1823298,2013,2,20240308093142470
000004.SZ,12.990000,20240308,93142470,800,10392,83,1838561,0,48,1838558,1829904,2013,2,20240308093142470
000004.SZ,12.980000,20240308,93142470,1100,14278,83,1838562,0,48,1838558,1816160,2013,2,20240308093142470
000004.SZ,12.980000,20240308,93142470,1000,12980,83,1838563,0,48,1838558,1817323,2013,2,20240308093142470
000004.SZ,12.980000,20240308,93142470,500,6490,83,1838564,0,48,1838558,1835599,2013,2,20240308093142470
000004.SZ,12.970000,20240308,93142470,100,1297,83,1838565,0,48,1838558,1783617,2013,2,20240308093142470
000004.SZ,12.980000,20240308,93142550,200,2596,66,1839266,0,48,1838926,1839265,2013,1,20240308093142550
000004.SZ,0.000000,20240308,93142670,100,0,32,1840242,0,67,0,1836321,2013,0,20240308093142670
000004.SZ,13.010000,20240308,93143780,700,9107,83,1848751,0,48,1848750,1847359,2013,2,20240308093143780
000004.SZ,13.010000,20240308,93143780,200,2602,83,1848752,0,48,1848750,1847371,2013,2,20240308093143780
000004.SZ,13.010000,20240308,93144480,200,2602,83,1853466,0,48,1853465,1847371,2013,2,20240308093144480
000004.SZ,13.010000,20240308,93144700,400,5204,66,1854611,0,48,1853554,1854610,2013,1,20240308093144700
000004.SZ,0.000000,20240308,93145150,100,0,32,1857247,0,67,0,102226,2013,0,20240308093145150
000004.SZ,0.000000,20240308,93145470,26900,0,32,1859895,0,67,0,405207,2013,0,20240308093145470
000004.SZ,0.000000,20240308,93145650,100,0,32,1861266,0,67,0,1857264,2013,0,20240308093145650
000004.SZ,13.020000,20240308,93145820,100,1302,66,1862429,0,48,1834204,1862428,2013,1,20240308093145820
000004.SZ,0.000000,20240308,93145960,1400,0,32,1863263,0,67,1834204,0,2013,0,20240308093145960
000004.SZ,0.000000,20240308,93146170,100,0,32,1864824,0,67,1841919,0,2013,0,20240308093146170
000004.SZ,0.000000,20240308,93147040,300,0,32,1870705,0,67,0,256463,2013,0,20240308093147040
000004.SZ,13.010000,20240308,93147170,100,1301,83,1871498,0,48,1871497,1854610,2013,2,20240308093147170
000004.SZ,13.020000,20240308,93147710,600,7812,66,1874453,0,48,1835152,1874452,2013,1,20240308093147710
000004.SZ,13.020000,20240308,93147710,200,2604,66,1874454,0,48,1848934,1874452,2013,1,20240308093147710
000004.SZ,13.020000,20240308,93147840,600,7812,66,1875203,0,48,1848934,1875202,2013,1,20240308093147840
000004.SZ,13.010000,20240308,93148270,2200,28622,83,1877827,0,48,1877826,1854610,2013,2,20240308093148270
000004.SZ,13.010000,20240308,93148320,1100,14311,83,1878260,0,48,1878259,1854610,2013,2,20240308093148320
000004.SZ,0.000000,20240308,93148650,2600,0,32,1880897,0,67,314336,0,2013,0,20240308093148650
000004.SZ,0.000000,20240308,93148660,100,0,32,1880943,0,67,0,1877141,2013,0,20240308093148660
000004.SZ,13.010000,20240308,93149220,2200,28622,83,1884695,0,48,1884694,1854610,2013,2,20240308093149220
000004.SZ,13.000000,20240308,93149220,1000,13000,83,1884696,0,48,1884694,1847326,2013,2,20240308093149220
000004.SZ,13.000000,20240308,93149220,1000,13000,83,1884697,0,48,1884694,1853882,2013,2,20240308093149220
000004.SZ,13.000000,20240308,93149220,900,11700,83,1884698,0,48,1884694,1864183,2013,2,20240308093149220
000004.SZ,13.000000,20240308,93149220,100,1300,83,1884699,0,48,1884694,1878601,2013,2,20240308093149220
000004.SZ,12.990000,20240308,93149570,800,10392,66,1887052,0,48,1885055,1887051,2013,1,20240308093149570
000004.SZ,0.000000,20240308,93149590,1600,0,32,1887165,0,67,0,1839265,2013,0,20240308093149590
000004.SZ,12.990000,20240308,93150290,400,5196,66,1891357,0,48,1885055,1891356,2013,1,20240308093150290
000004.SZ,12.990000,20240308,93150380,200,2598,66,1891830,0,48,1885055,1891829,2013,1,20240308093150380
000004.SZ,13.000000,20240308,93150380,3200,41600,66,1891831,0,48,1884694,1891829,2013,1,20240308093150380
000004.SZ,13.000000,20240308,93150380,300,3900,66,1891832,0,48,1889270,1891829,2013,1,20240308093150380
000004.SZ,13.020000,20240308,93150380,200,2604,66,1891833,0,48,1848934,1891829,2013,1,20240308093150380
000004.SZ,13.020000,20240308,93150380,800,10416,66,1891834,0,48,1859044,1891829,2013,1,20240308093150380
000004.SZ,13.020000,20240308,93150460,2100,27342,83,1892251,0,48,1892250,1891829,2013,2,20240308093150460
000004.SZ,13.020000,20240308,93150460,100,1302,83,1892261,0,48,1892260,1891829,2013,2,20240308093150460
000004.SZ,13.020000,20240308,93150910,2200,28644,83,1894614,0,48,1894613,1891829,2013,2,20240308093150910
000004.SZ,0.000000,20240308,93151150,500,0,32,1896063,0,67,1892381,0,2013,0,20240308093151150
000004.SZ,13.020000,20240308,93151170,900,11718,83,1896165,0,48,1896164,1891829,2013,2,20240308093151170
000004.SZ,0.000000,20240308,93151650,100,0,32,1899382,0,67,0,1896022,2013,0,20240308093151650
000004.SZ,13.000000,20240308,93151860,700,9100,83,1900787,0,48,1900786,1899277,2013,2,20240308093151860
000004.SZ,13.000000,20240308,93152390,1000,13000,83,1904421,0,48,1904420,1899277,2013,2,20240308093152390
000004.SZ,0.000000,20240308,93152660,5200,0,32,1906270,0,67,1308931,0,2013,0,20240308093152660
000004.SZ,13.000000,20240308,93153460,400,5200,83,1910865,0,48,1910864,1899277,2013,2,20240308093153460
000004.SZ,13.000000,20240308,93153460,100,1300,83,1910866,0,48,1910864,1903298,2013,2,20240308093153460
000004.SZ,12.990000,20240308,93153720,300,3897,66,1912339,0,48,1910864,1912338,2013,1,20240308093153720
000004.SZ,12.990000,20240308,93153930,1500,19485,66,1913516,0,48,1910864,1913515,2013,1,20240308093153930
000004.SZ,12.990000,20240308,93154610,1300,16887,66,1917937,0,48,1910864,1917936,2013,1,20240308093154610
000004.SZ,13.010000,20240308,93154610,700,9107,66,1917938,0,48,1896164,1917936,2013,1,20240308093154610
000004.SZ,0.000000,20240308,93154650,100,0,32,1918279,0,67,0,1914857,2013,0,20240308093154650
000004.SZ,13.010000,20240308,93155100,200,2602,66,1921470,0,48,1896164,1921469,2013,1,20240308093155100
000004.SZ,0.000000,20240308,93155830,2100,0,32,1926367,0,67,0,785932,2013,0,20240308093155830
000004.SZ,0.000000,20240308,93155840,100,0,32,1926392,0,67,1904710,0,2013,0,20240308093155840
000004.SZ,0.000000,20240308,93155910,100,0,32,1926763,0,67,1466740,0,2013,0,20240308093155910
000004.SZ,12.990000,20240308,93156210,100,1299,66,1928566,0,48,1926744,1928565,2013,1,20240308093156210
000004.SZ,13.000000,20240308,93156210,2900,37700,66,1928567,0,48,1925230,1928565,2013,1,20240308093156210
000004.SZ,13.000000,20240308,93156470,3300,42900,66,1929959,0,48,1925230,1929958,2013,1,20240308093156470
000004.SZ,13.010000,20240308,93156470,100,1301,66,1929960,0,48,1906303,1929958,2013,1,20240308093156470
000004.SZ,13.010000,20240308,93156470,100,1301,66,1929961,0,48,1921488,1929958,2013,1,20240308093156470
000004.SZ,13.010000,20240308,93156470,100,1301,66,1929962,0,48,1926762,1929958,2013,1,20240308093156470
000004.SZ,0.000000,20240308,93156520,600,0,32,1930227,0,67,0,585754,2013,0,20240308093156520
000004.SZ,13.020000,20240308,93156530,300,3906,66,1930316,0,48,1896582,1930315,2013,1,20240308093156530
000004.SZ,0.000000,20240308,93157650,100,0,32,1937124,0,67,0,1933716,2013,0,20240308093157650
000004.SZ,12.990000,20240308,93157710,100,1299,83,1937515,0,48,1937514,1930706,2013,2,20240308093157710
000004.SZ,0.000000,20240308,93157790,600,0,32,1938000,0,67,1899788,0,2013,0,20240308093157790
000004.SZ,12.990000,20240308,93158060,600,7794,83,1939594,0,48,1939593,1930706,2013,2,20240308093158060
000004.SZ,12.990000,20240308,93158060,300,3897,83,1939595,0,48,1939593,1937383,2013,2,20240308093158060
000004.SZ,12.980000,20240308,93158060,200,2596,83,1939596,0,48,1939593,1867903,2013,2,20240308093158060
000004.SZ,12.980000,20240308,93158060,200,2596,83,1939597,0,48,1939593,1896691,2013,2,20240308093158060
000004.SZ,0.000000,20240308,93158200,200,0,32,1940541,0,67,1915255,0,2013,0,20240308093158200
000004.SZ,12.990000,20240308,93158390,600,7794,83,1942082,0,48,1942081,1941410,2013,2,20240308093158390
000004.SZ,12.980000,20240308,93158390,1400,18172,83,1942083,0,48,1942081,1896691,2013,2,20240308093158390
000004.SZ,13.010000,20240308,93158550,500,6505,66,1943000,0,48,1939514,1942999,2013,1,20240308093158550
000004.SZ,13.020000,20240308,93158550,200,2604,66,1943001,0,48,1896582,1942999,2013,1,20240308093158550
000004.SZ,13.020000,20240308,93158550,1600,20832,66,1943002,0,48,1915316,1942999,2013,1,20240308093158550
000004.SZ,12.990000,20240308,93159130,400,5196,83,1946586,0,48,1946585,1945883,2013,2,20240308093159130
000004.SZ,13.000000,20240308,93159480,900,11700,66,1948639,0,48,1945374,1948638,2013,1,20240308093159480
