symbol,action_day,time,record_id,price,volume,order_kind,function_code,channel,direction,datetime
000004.SZ,20240308,91500000,73,12.990000,41400,48,66,73,1,20240308091500000
000004.SZ,20240308,91500000,820,14.410000,100,48,83,820,2,20240308091500000
000004.SZ,20240308,91500030,1352,11.800000,6500,48,83,1352,2,20240308091500030
000004.SZ,20240308,91500030,1355,11.800000,14300,48,83,1355,2,20240308091500030
000004.SZ,20240308,91500030,1117,11.820000,100,48,66,1117,1,20240308091500030
000004.SZ,20240308,91500030,1195,11.820000,100,48,66,1195,1,20240308091500030
000004.SZ,20240308,91500030,1198,11.820000,100,48,66,1198,1,20240308091500030
000004.SZ,20240308,91500040,2702,13.150000,900,48,66,2702,1,20240308091500040
000004.SZ,20240308,91500040,2704,13.150000,900,48,66,2704,1,20240308091500040
000004.SZ,20240308,91500040,2778,13.110000,100,48,66,2778,1,20240308091500040
000004.SZ,20240308,91500040,3258,12.360000,800,48,66,3258,1,20240308091500040
000004.SZ,20240308,91500040,4016,11.800000,100,48,83,4016,2,20240308091500040
000004.SZ,20240308,91500040,4030,11.820000,100,48,66,4030,1,20240308091500040
000004.SZ,20240308,91500040,5523,14.000000,300,48,83,5523,2,20240308091500040
000004.SZ,20240308,91500040,5563,14.420000,500,48,83,5563,2,20240308091500040
000004.SZ,20240308,91500040,4384,11.820000,100,48,66,4384,1,20240308091500040
000004.SZ,20240308,91500050,8244,12.400000,300,48,66,8244,1,20240308091500050
000004.SZ,20240308,91500050,8898,11.800000,1700,48,83,8898,2,20240308091500050
000004.SZ,20240308,91500050,9300,14.420000,1500,48,83,9300,2,20240308091500050
000004.SZ,20240308,91500050,9412,11.800000,600,48,83,9412,2,20240308091500050
000004.SZ,20240308,91500060,10231,11.800000,13400,48,83,10231,2,20240308091500060
000004.SZ,20240308,91500060,10297,11.800000,3800,48,83,10297,2,20240308091500060
000004.SZ,20240308,91500060,10671,14.420000,300,48,83,10671,2,20240308091500060
000004.SZ,20240308,91500060,11160,14.410000,500,48,83,11160,2,20240308091500060
000004.SZ,20240308,91500070,12867,12.500000,800,48,66,12867,1,20240308091500070
000004.SZ,20240308,91500070,14841,13.010000,200,48,66,14841,1,20240308091500070
000004.SZ,20240308,91500080,16347,12.600000,100,48,66,16347,1,20240308091500080
000004.SZ,20240308,91500090,20132,11.800000,300,48,66,20132,1,20240308091500090
000004.SZ,20240308,91500090,20133,12.320000,300,48,66,20133,1,20240308091500090
000004.SZ,20240308,91500090,21336,13.500000,2000,48,83,21336,2,20240308091500090
000004.SZ,20240308,91500090,21401,13.500000,300,48,83,21401,2,20240308091500090
000004.SZ,20240308,91500100,22307,13.390000,1000,48,83,22307,2,20240308091500100
000004.SZ,20240308,91500100,22750,14.400000,600,48,83,22750,2,20240308091500100
000004.SZ,20240308,91500100,23071,13.200000,500,48,66,23071,1,20240308091500100
000004.SZ,20240308,91500100,23785,13.510000,500,48,83,23785,2,20240308091500100
000004.SZ,20240308,91500100,25668,13.680000,800,48,83,25668,2,20240308091500100
000004.SZ,20240308,91500110,27296,14.410000,1700,48,83,27296,2,20240308091500110
000004.SZ,20240308,91500110,27830,13.880000,1900,48,83,27830,2,20240308091500110
000004.SZ,20240308,91500110,31322,11.800000,100,48,66,31322,1,20240308091500110
000004.SZ,20240308,91500110,30135,14.300000,500,48,83,30135,2,20240308091500110
000004.SZ,20240308,91500110,30580,14.180000,200,48,83,30580,2,20240308091500110
000004.SZ,20240308,91500110,30975,14.420000,100,48,83,30975,2,20240308091500110
000004.SZ,20240308,91500110,31184,14.400000,300,48,83,31184,2,20240308091500110
000004.SZ,20240308,91500120,31900,11.800000,5200,48,83,31900,2,20240308091500120
000004.SZ,20240308,91500130,36158,11.830000,900,48,66,36158,1,20240308091500130
000004.SZ,20240308,91500130,36203,13.680000,900,48,83,36203,2,20240308091500130
000004.SZ,20240308,91500130,36205,13.900000,900,48,83,36205,2,20240308091500130
000004.SZ,20240308,91500130,36223,13.700000,1000,48,83,36223,2,20240308091500130
000004.SZ,20240308,91500130,36389,13.950000,700,48,83,36389,2,20240308091500130
000004.SZ,20240308,91500130,36675,12.380000,4300,48,66,36675,1,20240308091500130
000004.SZ,20240308,91500130,36680,11.800000,400,48,83,36680,2,20240308091500130
000004.SZ,20240308,91500130,37154,14.400000,800,48,83,37154,2,20240308091500130
000004.SZ,20240308,91500130,35214,14.000000,900,48,83,35214,2,20240308091500130
000004.SZ,20240308,91500130,35215,13.800000,900,48,83,35215,2,20240308091500130
000004.SZ,20240308,91500130,37850,13.270000,400,48,83,37850,2,20240308091500130
000004.SZ,20240308,91500140,38340,13.460000,3000,48,83,38340,2,20240308091500140
000004.SZ,20240308,91500140,38812,13.770000,200,48,83,38812,2,20240308091500140
000004.SZ,20240308,91500140,38823,12.420000,100,48,66,38823,1,20240308091500140
000004.SZ,20240308,91500140,41167,12.400000,200,48,66,41167,1,20240308091500140
000004.SZ,20240308,91500140,41168,12.200000,200,48,66,41168,1,20240308091500140
000004.SZ,20240308,91500140,41169,12.000000,200,48,66,41169,1,20240308091500140
000004.SZ,20240308,91500140,41170,11.800000,200,48,66,41170,1,20240308091500140
000004.SZ,20240308,91500140,41171,14.400000,200,48,83,41171,2,20240308091500140
000004.SZ,20240308,91500140,41172,14.000000,200,48,83,41172,2,20240308091500140
000004.SZ,20240308,91500140,41173,14.200000,200,48,83,41173,2,20240308091500140
000004.SZ,20240308,91500140,39932,12.880000,800,48,66,39932,1,20240308091500140
000004.SZ,20240308,91500150,41730,13.990000,3000,48,83,41730,2,20240308091500150
000004.SZ,20240308,91500150,41735,14.230000,900,48,83,41735,2,20240308091500150
000004.SZ,20240308,91500150,44044,13.110000,200,48,66,44044,1,20240308091500150
000004.SZ,20240308,91500160,45542,12.910000,100,48,66,45542,1,20240308091500160
000004.SZ,20240308,91500160,45543,12.470000,100,48,66,45543,1,20240308091500160
000004.SZ,20240308,91500160,45544,13.510000,100,48,83,45544,2,20240308091500160
000004.SZ,20240308,91500160,46266,12.700000,1000,48,66,46266,1,20240308091500160
000004.SZ,20240308,91500170,49709,12.750000,1000,48,66,49709,1,20240308091500170
000004.SZ,20240308,91500170,50393,13.600000,500,48,83,50393,2,20240308091500170
000004.SZ,20240308,91500170,49550,14.220000,1400,48,83,49550,2,20240308091500170
000004.SZ,20240308,91500180,52118,13.300000,9400,48,83,52118,2,20240308091500180
000004.SZ,20240308,91500180,52655,12.760000,3900,48,66,52655,1,20240308091500180
000004.SZ,20240308,91500180,52984,12.000000,400,48,66,52984,1,20240308091500180
000004.SZ,20240308,91500180,51571,14.420000,2000,48,83,51571,2,20240308091500180
000004.SZ,20240308,91500180,53539,13.850000,700,48,83,53539,2,20240308091500180
000004.SZ,20240308,91500180,54167,13.850000,1600,48,83,54167,2,20240308091500180
000004.SZ,20240308,91500180,54170,13.650000,1500,48,83,54170,2,20240308091500180
000004.SZ,20240308,91500190,54804,14.100000,100,48,83,54804,2,20240308091500190
000004.SZ,20240308,91500190,55756,13.630000,200,48,83,55756,2,20240308091500190
000004.SZ,20240308,91500200,58913,13.780000,2100,48,83,58913,2,20240308091500200
000004.SZ,20240308,91500200,57608,13.490000,900,48,83,57608,2,20240308091500200
000004.SZ,20240308,91500200,59191,12.960000,100,48,83,59191,2,20240308091500200
000004.SZ,20240308,91500200,57803,13.360000,200,48,83,57803,2,20240308091500200
000004.SZ,20240308,91500210,60292,14.400000,500,48,83,60292,2,20240308091500210
000004.SZ,20240308,91500210,60308,14.420000,200,48,83,60308,2,20240308091500210
000004.SZ,20240308,91500210,60310,11.800000,200,48,66,60310,1,20240308091500210
000004.SZ,20240308,91500220,62247,14.420000,500,48,83,62247,2,20240308091500220
000004.SZ,20240308,91500220,62651,14.420000,100,48,66,62651,1,20240308091500220
000004.SZ,20240308,91500230,64186,14.410000,2500,48,83,64186,2,20240308091500230
000004.SZ,20240308,91500230,64342,14.420000,900,48,83,64342,2,20240308091500230
000004.SZ,20240308,91500250,66750,12.720000,1000,48,83,66750,2,20240308091500250
000004.SZ,20240308,91500260,68377,13.100000,100,48,83,68377,2,20240308091500260
000004.SZ,20240308,91500270,69798,13.900000,900,48,83,69798,2,20240308091500270
000004.SZ,20240308,91500280,70257,12.820000,300,48,66,70257,1,20240308091500280
000004.SZ,20240308,91500280,70258,13.850000,300,48,83,70258,2,20240308091500280
000004.SZ,20240308,91500280,70332,14.410000,2000,48,83,70332,2,20240308091500280
000004.SZ,20240308,91500280,70537,13.800000,700,48,83,70537,2,20240308091500280
000004.SZ,20240308,91500280,70538,14.320000,700,48,83,70538,2,20240308091500280
000004.SZ,20240308,91500280,70578,14.000000,600,48,83,70578,2,20240308091500280
000004.SZ,20240308,91500300,74061,14.100000,200,48,83,74061,2,20240308091500300
000004.SZ,20240308,91500320,75970,13.110000,300,48,66,75970,1,20240308091500320
000004.SZ,20240308,91500320,76044,13.120000,100,48,66,76044,1,20240308091500320
000004.SZ,20240308,91500320,75459,13.390000,100,48,66,75459,1,20240308091500320
000004.SZ,20240308,91500320,75628,13.570000,400,48,83,75628,2,20240308091500320
000004.SZ,20240308,91500330,76403,14.420000,1900,48,83,76403,2,20240308091500330
000004.SZ,20240308,91500330,77180,13.780000,500,48,83,77180,2,20240308091500330
000004.SZ,20240308,91500330,77181,13.820000,500,48,83,77181,2,20240308091500330
000004.SZ,20240308,91500330,77182,13.860000,500,48,83,77182,2,20240308091500330
000004.SZ,20240308,91500330,77238,14.060000,500,48,83,77238,2,20240308091500330
000004.SZ,20240308,91500330,77422,14.420000,1600,48,83,77422,2,20240308091500330
000004.SZ,20240308,91500340,78198,11.800000,700,48,66,78198,1,20240308091500340
000004.SZ,20240308,91500340,78338,11.800000,800,48,83,78338,2,20240308091500340
000004.SZ,20240308,91500340,78585,14.280000,2000,48,83,78585,2,20240308091500340
000004.SZ,20240308,91500340,78586,12.800000,1000,48,66,78586,1,20240308091500340
000004.SZ,20240308,91500350,78964,14.420000,200,48,83,78964,2,20240308091500350
000004.SZ,20240308,91500350,79882,13.660000,400,48,83,79882,2,20240308091500350
000004.SZ,20240308,91500360,80323,14.400000,5400,48,83,80323,2,20240308091500360
000004.SZ,20240308,91500370,81001,13.860000,500,48,83,81001,2,20240308091500370
000004.SZ,20240308,91500370,81013,14.420000,1000,48,83,81013,2,20240308091500370
000004.SZ,20240308,91500370,81023,14.400000,4800,48,83,81023,2,20240308091500370
000004.SZ,20240308,91500370,81139,11.980000,200,48,66,81139,1,20240308091500370
000004.SZ,20240308,91500380,81486,14.420000,300,48,83,81486,2,20240308091500380
000004.SZ,20240308,91500380,82356,14.300000,300,48,83,82356,2,20240308091500380
000004.SZ,20240308,91500390,82666,12.800000,300,48,66,82666,1,20240308091500390
000004.SZ,20240308,91500390,82684,13.400000,3900,48,83,82684,2,20240308091500390
000004.SZ,20240308,91500390,82982,13.580000,2200,48,83,82982,2,20240308091500390
000004.SZ,20240308,91500420,84523,13.720000,200,48,83,84523,2,20240308091500420
000004.SZ,20240308,91500430,85234,12.450000,1500,48,66,85234,1,20240308091500430
000004.SZ,20240308,91500430,85391,13.850000,1500,48,83,85391,2,20240308091500430
000004.SZ,20240308,91500430,85533,13.860000,200,48,83,85533,2,20240308091500430
000004.SZ,20240308,91500430,85557,13.860000,700,48,83,85557,2,20240308091500430
000004.SZ,20240308,91500440,86446,12.500000,500,48,66,86446,1,20240308091500440
000004.SZ,20240308,91500470,88406,13.100000,500,48,83,88406,2,20240308091500470
000004.SZ,20240308,91500470,88522,13.130000,1000,48,83,88522,2,20240308091500470
000004.SZ,20240308,91500480,89288,14.200000,200,48,83,89288,2,20240308091500480
000004.SZ,20240308,91500480,89297,13.800000,400,48,83,89297,2,20240308091500480
000004.SZ,20240308,91500520,92190,13.100000,2100,48,83,92190,2,20240308091500520
000004.SZ,20240308,91500530,92721,13.490000,3000,48,83,92721,2,20240308091500530
000004.SZ,20240308,91500530,92950,14.100000,200,48,83,92950,2,20240308091500530
000004.SZ,20240308,91500550,94344,13.760000,800,48,83,94344,2,20240308091500550
000004.SZ,20240308,91500550,94588,13.490000,1000,48,83,94588,2,20240308091500550
000004.SZ,20240308,91500550,94589,13.740000,2000,48,83,94589,2,20240308091500550
000004.SZ,20240308,91500560,95270,14.370000,100,48,83,95270,2,20240308091500560
000004.SZ,20240308,91500580,96866,13.990000,3400,48,83,96866,2,20240308091500580
000004.SZ,20240308,91500580,97221,13.690000,800,48,83,97221,2,20240308091500580
000004.SZ,20240308,91500590,98021,14.100000,100,48,83,98021,2,20240308091500590
000004.SZ,20240308,91500600,98314,14.400000,2600,48,83,98314,2,20240308091500600
000004.SZ,20240308,91500610,99099,13.880000,200,48,83,99099,2,20240308091500610
000004.SZ,20240308,91500610,99436,13.580000,100,48,83,99436,2,20240308091500610
000004.SZ,20240308,91500620,99785,12.460000,100,48,83,99785,2,20240308091500620
000004.SZ,20240308,91500620,99843,14.100000,2900,48,83,99843,2,20240308091500620
000004.SZ,20240308,91500630,100628,13.500000,500,48,83,100628,2,20240308091500630
000004.SZ,20240308,91500630,100629,14.000000,500,48,83,100629,2,20240308091500630
000004.SZ,20240308,91500630,100630,13.800000,500,48,83,100630,2,20240308091500630
000004.SZ,20240308,91500630,100633,12.700000,500,48,66,100633,1,20240308091500630
000004.SZ,20240308,91500640,100812,14.400000,2800,48,83,100812,2,20240308091500640
000004.SZ,20240308,91500640,101225,12.200000,500,48,66,101225,1,20240308091500640
000004.SZ,20240308,91500640,101313,13.100000,100,48,83,101313,2,20240308091500640
000004.SZ,20240308,91500650,101366,14.000000,900,48,83,101366,2,20240308091500650
000004.SZ,20240308,91500650,101454,14.420000,300,48,83,101454,2,20240308091500650
000004.SZ,20240308,91500650,101457,14.350000,200,48,83,101457,2,20240308091500650
000004.SZ,20240308,91500650,101459,12.460000,500,48,66,101459,1,20240308091500650
000004.SZ,20240308,91500650,101770,13.580000,900,48,83,101770,2,20240308091500650
000004.SZ,20240308,91500660,102226,12.350000,100,48,66,102226,1,20240308091500660
000004.SZ,20240308,91500660,102227,12.430000,100,48,66,102227,1,20240308091500660
000004.SZ,20240308,91500680,102929,12.110000,300,48,66,102929,1,20240308091500680
000004.SZ,20240308,91500690,103992,13.880000,300,48,83,103992,2,20240308091500690
000004.SZ,20240308,91500700,104187,14.320000,200,48,83,104187,2,20240308091500700
000004.SZ,20240308,91500720,105747,14.380000,800,48,83,105747,2,20240308091500720
000004.SZ,20240308,91500720,105838,13.500000,300,48,83,105838,2,20240308091500720
000004.SZ,20240308,91500720,105963,13.380000,200,48,83,105963,2,20240308091500720
000004.SZ,20240308,91500720,105964,13.470000,200,48,83,105964,2,20240308091500720
000004.SZ,20240308,91500750,108352,14.000000,1500,48,83,108352,2,20240308091500750
000004.SZ,20240308,91500810,111988,13.230000,300,48,83,111988,2,20240308091500810
000004.SZ,20240308,91500810,112038,11.800000,200,48,83,112038,2,20240308091500810
000004.SZ,20240308,91500810,112334,13.580000,1000,48,83,112334,2,20240308091500810
000004.SZ,20240308,91500820,112632,14.380000,1000,48,83,112632,2,20240308091500820
000004.SZ,20240308,91500830,113368,13.500000,1000,48,83,113368,2,20240308091500830
000004.SZ,20240308,91500830,113544,14.420000,100,48,83,113544,2,20240308091500830
000004.SZ,20240308,91500840,114021,14.420000,500,48,83,114021,2,20240308091500840
000004.SZ,20240308,91500840,114022,13.810000,500,48,83,114022,2,20240308091500840
000004.SZ,20240308,91500840,114026,14.420000,500,48,83,114026,2,20240308091500840
000004.SZ,20240308,91500840,114027,13.810000,500,48,83,114027,2,20240308091500840
000004.SZ,20240308,91500860,115079,11.800000,200,48,83,115079,2,20240308091500860
000004.SZ,20240308,91500860,115287,13.130000,1000,48,66,115287,1,20240308091500860
000004.SZ,20240308,91500880,116290,14.420000,800,48,83,116290,2,20240308091500880
000004.SZ,20240308,91500880,116556,13.110000,100,48,66,116556,1,20240308091500880
000004.SZ,20240308,91500890,117311,14.420000,300,48,83,117311,2,20240308091500890
000004.SZ,20240308,91500910,118068,14.400000,500,48,83,118068,2,20240308091500910
000004.SZ,20240308,91500920,118811,13.550000,100,48,83,118811,2,20240308091500920
000004.SZ,20240308,91500940,119771,14.410000,4600,48,83,119771,2,20240308091500940
000004.SZ,20240308,91500970,121308,13.100000,1200,48,83,121308,2,20240308091500970
000004.SZ,20240308,91501010,124080,14.000000,77600,48,83,124080,2,20240308091501010
000004.SZ,20240308,91501010,124280,12.000000,100,48,66,124280,1,20240308091501010
000004.SZ,20240308,91501010,124281,14.000000,100,48,83,124281,2,20240308091501010
000004.SZ,20240308,91501030,125929,13.270000,300,48,83,125929,2,20240308091501030
000004.SZ,20240308,91501070,128416,14.100000,1000,48,83,128416,2,20240308091501070
000004.SZ,20240308,91501070,128465,13.570000,200,48,83,128465,2,20240308091501070
000004.SZ,20240308,91501080,128865,13.770000,400,48,83,128865,2,20240308091501080
000004.SZ,20240308,91501090,129504,13.110000,500,48,83,129504,2,20240308091501090
000004.SZ,20240308,91501090,129710,13.110000,600,48,66,129710,1,20240308091501090
000004.SZ,20240308,91501120,130888,11.800000,1000,48,66,130888,1,20240308091501120
000004.SZ,20240308,91501120,131148,14.420000,100,48,66,131148,1,20240308091501120
000004.SZ,20240308,91501140,132269,11.800000,100,48,83,132269,2,20240308091501140
000004.SZ,20240308,91501140,132296,13.100000,200,48,83,132296,2,20240308091501140
000004.SZ,20240308,91501150,132492,14.420000,100,48,83,132492,2,20240308091501150
000004.SZ,20240308,91501180,133905,13.620000,10000,48,83,133905,2,20240308091501180
000004.SZ,20240308,91501180,133906,12.950000,10000,48,66,133906,1,20240308091501180
000004.SZ,20240308,91501200,135090,11.800000,400,48,83,135090,2,20240308091501200
000004.SZ,20240308,91501200,135412,13.570000,500,48,83,135412,2,20240308091501200
000004.SZ,20240308,91501200,135532,13.380000,200,48,83,135532,2,20240308091501200
000004.SZ,20240308,91501240,137309,13.110000,200,48,66,137309,1,20240308091501240
000004.SZ,20240308,91501250,137958,13.800000,3000,48,83,137958,2,20240308091501250
000004.SZ,20240308,91501250,137959,14.420000,2700,48,83,137959,2,20240308091501250
000004.SZ,20240308,91501250,138126,14.420000,2500,48,83,138126,2,20240308091501250
000004.SZ,20240308,91501260,138601,13.860000,200,48,83,138601,2,20240308091501260
000004.SZ,20240308,91501260,138603,14.190000,200,48,83,138603,2,20240308091501260
000004.SZ,20240308,91501260,138606,14.420000,200,48,83,138606,2,20240308091501260
000004.SZ,20240308,91501260,138617,12.830000,200,48,66,138617,1,20240308091501260
000004.SZ,20240308,91501260,138618,12.510000,200,48,66,138618,1,20240308091501260
000004.SZ,20240308,91501270,139271,13.610000,900,48,83,139271,2,20240308091501270
000004.SZ,20240308,91501280,139580,14.400000,6400,48,83,139580,2,20240308091501280
000004.SZ,20240308,91501290,140629,13.500000,1000,48,83,140629,2,20240308091501290
000004.SZ,20240308,91501290,140241,12.000000,5000,48,66,140241,1,20240308091501290
000004.SZ,20240308,91501290,140242,11.900000,5000,48,66,140242,1,20240308091501290
000004.SZ,20240308,91501290,140553,13.540000,100,48,83,140553,2,20240308091501290
000004.SZ,20240308,91501330,142657,12.500000,1000,48,66,142657,1,20240308091501330
000004.SZ,20240308,91501450,148050,13.750000,100,48,83,148050,2,20240308091501450
000004.SZ,20240308,91501450,148193,13.110000,1000,48,83,148193,2,20240308091501450
000004.SZ,20240308,91501490,149771,14.390000,700,48,83,149771,2,20240308091501490
000004.SZ,20240308,91501510,150476,12.280000,300,48,66,150476,1,20240308091501510
000004.SZ,20240308,91501510,150599,13.330000,100,48,83,150599,2,20240308091501510
000004.SZ,20240308,91501550,152246,13.950000,1300,48,83,152246,2,20240308091501550
000004.SZ,20240308,91501560,152921,14.420000,1100,48,83,152921,2,20240308091501560
000004.SZ,20240308,91501570,153413,13.990000,800,48,83,153413,2,20240308091501570
000004.SZ,20240308,91501570,153079,12.880000,500,48,66,153079,1,20240308091501570
000004.SZ,20240308,91501590,154220,12.850000,2200,48,66,154220,1,20240308091501590
000004.SZ,20240308,91501750,160746,12.710000,800,48,66,160746,1,20240308091501750
000004.SZ,20240308,91501800,161933,13.700000,200,48,83,161933,2,20240308091501800
000004.SZ,20240308,91501920,166636,14.420000,1900,48,83,166636,2,20240308091501920
000004.SZ,20240308,91501960,167993,11.800000,100,48,83,167993,2,20240308091501960
000004.SZ,20240308,91501960,168084,13.900000,100,48,83,168084,2,20240308091501960
000004.SZ,20240308,91501970,168372,14.420000,6000,48,83,168372,2,20240308091501970
000004.SZ,20240308,91502020,170550,12.750000,300,48,66,170550,1,20240308091502020
000004.SZ,20240308,91502040,171017,13.500000,1000,48,83,171017,2,20240308091502040
000004.SZ,20240308,91502080,172621,13.110000,100,48,66,172621,1,20240308091502080
000004.SZ,20240308,91502110,173330,14.420000,4400,48,83,173330,2,20240308091502110
000004.SZ,20240308,91502110,173360,14.260000,2400,48,83,173360,2,20240308091502110
000004.SZ,20240308,91502190,175947,12.800000,100,48,66,175947,1,20240308091502190
000004.SZ,20240308,91502270,178741,12.140000,2100,48,66,178741,1,20240308091502270
000004.SZ,20240308,91502330,180265,13.080000,300,48,66,180265,1,20240308091502330
000004.SZ,20240308,91502340,180846,14.420000,100,48,83,180846,2,20240308091502340
000004.SZ,20240308,91502370,181471,12.380000,1000,48,66,181471,1,20240308091502370
000004.SZ,20240308,91502390,181981,12.230000,100,48,66,181981,1,20240308091502390
000004.SZ,20240308,91502390,182144,12.300000,500,48,66,182144,1,20240308091502390
000004.SZ,20240308,91502390,182152,14.420000,1100,48,83,182152,2,20240308091502390
000004.SZ,20240308,91502440,183481,13.990000,900,48,83,183481,2,20240308091502440
000004.SZ,20240308,91502450,183496,13.990000,800,48,83,183496,2,20240308091502450
000004.SZ,20240308,91502520,185615,11.800000,6800,48,66,185615,1,20240308091502520
000004.SZ,20240308,91502560,187103,12.500000,1500,48,66,187103,1,20240308091502560
000004.SZ,20240308,91502570,187532,13.600000,200,48,83,187532,2,20240308091502570
000004.SZ,20240308,91502570,187191,13.500000,1500,48,83,187191,2,20240308091502570
000004.SZ,20240308,91502600,187919,13.660000,1000,48,83,187919,2,20240308091502600
000004.SZ,20240308,91502640,188688,13.110000,200,48,83,188688,2,20240308091502640
000004.SZ,20240308,91502670,189221,12.360000,100,48,66,189221,1,20240308091502670
000004.SZ,20240308,91502730,190160,14.420000,100,48,83,190160,2,20240308091502730
000004.SZ,20240308,91502780,190814,13.110000,900,48,66,190814,1,20240308091502780
000004.SZ,20240308,91502880,192233,11.800000,100,48,66,192233,1,20240308091502880
000004.SZ,20240308,91502890,192540,14.420000,300,48,83,192540,2,20240308091502890
000004.SZ,20240308,91502940,193710,12.040000,500,48,66,193710,1,20240308091502940
000004.SZ,20240308,91502940,193711,11.800000,500,48,66,193711,1,20240308091502940
000004.SZ,20240308,91502960,194003,14.210000,2300,48,83,194003,2,20240308091502960
000004.SZ,20240308,91503010,195181,11.800000,600,48,83,195181,2,20240308091503010
000004.SZ,20240308,91503020,195279,12.930000,100,48,66,195279,1,20240308091503020
000004.SZ,20240308,91503020,195280,12.400000,100,48,66,195280,1,20240308091503020
000004.SZ,20240308,91503020,195314,12.470000,900,48,66,195314,1,20240308091503020
000004.SZ,20240308,91503040,195862,12.800000,2000,48,66,195862,1,20240308091503040
000004.SZ,20240308,91503040,195864,12.600000,2000,48,66,195864,1,20240308091503040
000004.SZ,20240308,91503050,196215,13.330000,2000,48,83,196215,2,20240308091503050
000004.SZ,20240308,91503050,196216,13.550000,2000,48,83,196216,2,20240308091503050
000004.SZ,20240308,91503050,196217,12.880000,2000,48,66,196217,1,20240308091503050
000004.SZ,20240308,91503100,197086,11.820000,2000,48,66,197086,1,20240308091503100
000004.SZ,20240308,91503120,197993,12.590000,200,48,66,197993,1,20240308091503120
000004.SZ,20240308,91503130,198165,14.400000,2000,48,83,198165,2,20240308091503130
000004.SZ,20240308,91503190,199255,14.250000,1000,48,83,199255,2,20240308091503190
000004.SZ,20240308,91503240,200084,13.190000,1900,48,66,200084,1,20240308091503240
000004.SZ,20240308,91503240,200171,13.780000,1400,48,83,200171,2,20240308091503240
000004.SZ,20240308,91503280,200819,13.590000,1400,48,83,200819,2,20240308091503280
000004.SZ,20240308,91503280,200854,14.000000,100,48,83,200854,2,20240308091503280
000004.SZ,20240308,91503300,201201,14.420000,700,48,66,201201,1,20240308091503300
000004.SZ,20240308,91503330,201750,14.400000,400,48,83,201750,2,20240308091503330
000004.SZ,20240308,91503530,205064,13.580000,1200,48,83,205064,2,20240308091503530
000004.SZ,20240308,91503570,205721,13.500000,100,48,83,205721,2,20240308091503570
000004.SZ,20240308,91503610,206145,13.770000,300,48,83,206145,2,20240308091503610
000004.SZ,20240308,91503610,206195,14.000000,300,48,83,206195,2,20240308091503610
000004.SZ,20240308,91503800,207369,14.420000,100,48,83,207369,2,20240308091503800
000004.SZ,20240308,91503830,207627,13.110000,100,48,66,207627,1,20240308091503830
000004.SZ,20240308,91503910,208210,11.890000,200,48,66,208210,1,20240308091503910
000004.SZ,20240308,91503990,208649,13.650000,1000,48,83,208649,2,20240308091503990
000004.SZ,20240308,91504050,209280,14.400000,1000,48,83,209280,2,20240308091504050
000004.SZ,20240308,91504050,209357,12.000000,200,48,66,209357,1,20240308091504050
000004.SZ,20240308,91504230,210692,11.800000,300,48,66,210692,1,20240308091504230
000004.SZ,20240308,91504290,210876,14.250000,3600,48,83,210876,2,20240308091504290
000004.SZ,20240308,91504290,210898,13.560000,100,48,83,210898,2,20240308091504290
000004.SZ,20240308,91504300,211011,13.100000,200,48,83,211011,2,20240308091504300
000004.SZ,20240308,91504440,211896,13.770000,100,48,83,211896,2,20240308091504440
000004.SZ,20240308,91504650,212862,14.420000,3000,48,83,212862,2,20240308091504650
000004.SZ,20240308,91504660,212899,13.110000,2300,48,66,212899,1,20240308091504660
000004.SZ,20240308,91504720,213018,14.420000,500,48,83,213018,2,20240308091504720
000004.SZ,20240308,91505320,214279,13.560000,4000,48,83,214279,2,20240308091505320
000004.SZ,20240308,91505320,214281,12.770000,1000,48,66,214281,1,20240308091505320
000004.SZ,20240308,91505440,214685,14.130000,40300,48,83,214685,2,20240308091505440
000004.SZ,20240308,91505440,214739,13.110000,200,48,83,214739,2,20240308091505440
000004.SZ,20240308,91505490,214867,14.390000,200,48,83,214867,2,20240308091505490
000004.SZ,20240308,91505640,215220,14.180000,400,48,83,215220,2,20240308091505640
000004.SZ,20240308,91506290,216076,12.770000,200,48,66,216076,1,20240308091506290
000004.SZ,20240308,91507590,217622,13.390000,100,48,83,217622,2,20240308091507590
000004.SZ,20240308,91507700,217808,14.220000,200,48,83,217808,2,20240308091507700
000004.SZ,20240308,91508190,218184,13.650000,1000,48,83,218184,2,20240308091508190
000004.SZ,20240308,91508490,218343,14.380000,300,48,83,218343,2,20240308091508490
000004.SZ,20240308,91508490,218346,12.910000,300,48,66,218346,1,20240308091508490
000004.SZ,20240308,91508490,218348,12.450000,300,48,66,218348,1,20240308091508490
000004.SZ,20240308,91514470,220501,14.420000,2600,48,83,220501,2,20240308091514470
000004.SZ,20240308,91601440,229246,11.850000,100,48,66,229246,1,20240308091601440
000004.SZ,20240308,91608270,230629,13.300000,3200,48,83,230629,2,20240308091608270
000004.SZ,20240308,91610940,231184,14.420000,100,48,83,231184,2,20240308091610940
000004.SZ,20240308,91615020,232014,12.990000,200,48,83,232014,2,20240308091615020
000004.SZ,20240308,91616000,232258,12.380000,5500,48,66,232258,1,20240308091616000
000004.SZ,20240308,91619430,232886,13.310000,400,48,83,232886,2,20240308091619430
000004.SZ,20240308,91621500,233296,12.500000,200,48,66,233296,1,20240308091621500
000004.SZ,20240308,91631440,235266,11.800000,3500,48,83,235266,2,20240308091631440
000004.SZ,20240308,91639760,237050,13.000000,100,48,66,237050,1,20240308091639760
000004.SZ,20240308,91641160,237354,13.200000,500,48,83,237354,2,20240308091641160
000004.SZ,20240308,91641820,237505,12.550000,3500,48,83,237505,2,20240308091641820
000004.SZ,20240308,91642650,237672,12.990000,400,48,66,237672,1,20240308091642650
000004.SZ,20240308,91644240,238003,12.830000,1600,48,66,238003,1,20240308091644240
000004.SZ,20240308,91649310,239052,12.000000,1000,48,66,239052,1,20240308091649310
000004.SZ,20240308,91658510,241020,14.420000,1000,48,83,241020,2,20240308091658510
000004.SZ,20240308,91703760,242158,14.290000,400,48,83,242158,2,20240308091703760
000004.SZ,20240308,91705990,242715,13.130000,100,48,83,242715,2,20240308091705990
000004.SZ,20240308,91709800,243544,13.450000,500,48,83,243544,2,20240308091709800
000004.SZ,20240308,91718830,245601,13.230000,200,48,83,245601,2,20240308091718830
000004.SZ,20240308,91719090,245674,12.790000,1000,48,66,245674,1,20240308091719090
000004.SZ,20240308,91723570,246628,13.800000,3000,48,83,246628,2,20240308091723570
000004.SZ,20240308,91724640,246861,11.900000,5500,48,83,246861,2,20240308091724640
000004.SZ,20240308,91730600,248209,11.800000,2500,48,83,248209,2,20240308091730600
000004.SZ,20240308,91742140,250808,12.300000,1000,48,66,250808,1,20240308091742140
000004.SZ,20240308,91744430,251336,14.420000,2100,48,83,251336,2,20240308091744430
000004.SZ,20240308,91749870,252602,12.950000,100,48,66,252602,1,20240308091749870
000004.SZ,20240308,91752310,253206,14.400000,1000,48,83,253206,2,20240308091752310
000004.SZ,20240308,91755600,253976,13.530000,1200,48,83,253976,2,20240308091755600
000004.SZ,20240308,91758950,254786,12.050000,2000,48,66,254786,1,20240308091758950
000004.SZ,20240308,91801040,255314,12.600000,10000,48,66,255314,1,20240308091801040
000004.SZ,20240308,91801200,255368,13.450000,1200,48,83,255368,2,20240308091801200
000004.SZ,20240308,91805520,256463,12.900000,300,48,66,256463,1,20240308091805520
000004.SZ,20240308,91807160,256879,13.250000,15100,48,66,256879,1,20240308091807160
000004.SZ,20240308,91811990,258193,11.810000,400,48,66,258193,1,20240308091811990
000004.SZ,20240308,91822980,260993,13.630000,1500,48,83,260993,2,20240308091822980
000004.SZ,20240308,91823020,261001,12.700000,200,48,66,261001,1,20240308091823020
000004.SZ,20240308,91825750,261695,14.420000,600,48,83,261695,2,20240308091825750
000004.SZ,20240308,91826150,261811,13.500000,1200,48,83,261811,2,20240308091826150
000004.SZ,20240308,91830660,263026,14.000000,100,48,83,263026,2,20240308091830660
000004.SZ,20240308,91832610,263603,13.630000,1300,48,83,263603,2,20240308091832610
000004.SZ,20240308,91834740,264140,13.590000,1800,48,83,264140,2,20240308091834740
000004.SZ,20240308,91842100,266004,14.420000,2800,48,83,266004,2,20240308091842100
000004.SZ,20240308,91844910,266741,13.110000,10000,48,66,266741,1,20240308091844910
000004.SZ,20240308,91847320,267450,14.400000,2000,48,83,267450,2,20240308091847320
000004.SZ,20240308,91855700,269668,13.650000,500,48,83,269668,2,20240308091855700
000004.SZ,20240308,91857440,270194,13.430000,200,48,83,270194,2,20240308091857440
000004.SZ,20240308,91906900,272848,12.930000,1000,48,66,272848,1,20240308091906900
000004.SZ,20240308,91910670,274007,13.960000,800,48,83,274007,2,20240308091910670
000004.SZ,20240308,91912530,274528,12.000000,100,48,66,274528,1,20240308091912530
000004.SZ,20240308,91912570,274544,12.910000,300,48,66,274544,1,20240308091912570
000004.SZ,20240308,91913000,274674,11.800000,1600,48,66,274674,1,20240308091913000
000004.SZ,20240308,91913060,274688,14.420000,1000,48,83,274688,2,20240308091913060
000004.SZ,20240308,91914920,275250,13.780000,600,48,83,275250,2,20240308091914920
000004.SZ,20240308,91918250,276310,14.380000,800,48,83,276310,2,20240308091918250
000004.SZ,20240308,91918810,276496,13.110000,5500,48,83,276496,2,20240308091918810
000004.SZ,20240308,91921830,277414,14.420000,200,48,83,277414,2,20240308091921830
000004.SZ,20240308,91923860,278016,13.880000,2800,48,83,278016,2,20240308091923860
000004.SZ,20240308,91926510,278794,12.600000,200,48,66,278794,1,20240308091926510
000004.SZ,20240308,91929960,279876,13.500000,2000,48,83,279876,2,20240308091929960
000004.SZ,20240308,91930120,279936,14.320000,17000,48,83,279936,2,20240308091930120
000004.SZ,20240308,91932760,280735,13.110000,5000,48,83,280735,2,20240308091932760
000004.SZ,20240308,91936530,281948,13.110000,4700,48,83,281948,2,20240308091936530
000004.SZ,20240308,91937590,282286,13.160000,500,48,83,282286,2,20240308091937590
000004.SZ,20240308,91938900,282704,12.970000,1100,48,83,282704,2,20240308091938900
000004.SZ,20240308,91939400,282852,13.120000,1500,48,66,282852,1,20240308091939400
000004.SZ,20240308,91939490,282879,14.420000,800,48,83,282879,2,20240308091939490
000004.SZ,20240308,91943510,284137,13.850000,100,48,83,284137,2,20240308091943510
000004.SZ,20240308,91946780,285237,13.860000,2600,48,83,285237,2,20240308091946780
000004.SZ,20240308,91952730,287197,13.810000,400,48,83,287197,2,20240308091952730
000004.SZ,20240308,91954030,287660,14.420000,200,48,83,287660,2,20240308091954030
000004.SZ,20240308,91959960,289669,13.380000,1700,48,83,289669,2,20240308091959960
000004.SZ,20240308,92000000,289688,12.900000,600,48,83,289688,2,20240308092000000
000004.SZ,20240308,92000360,289932,11.800000,100,48,83,289932,2,20240308092000360
000004.SZ,20240308,92001730,290454,14.420000,500,48,83,290454,2,20240308092001730
000004.SZ,20240308,92001900,290494,14.360000,17000,48,83,290494,2,20240308092001900
000004.SZ,20240308,92003640,291327,12.830000,500,48,66,291327,1,20240308092003640
000004.SZ,20240308,92004980,291687,13.110000,500,48,83,291687,2,20240308092004980
000004.SZ,20240308,92007880,292374,13.060000,500,48,83,292374,2,20240308092007880
000004.SZ,20240308,92011950,293510,14.330000,1000,48,83,293510,2,20240308092011950
000004.SZ,20240308,92012940,293790,14.300000,400,48,83,293790,2,20240308092012940
000004.SZ,20240308,92013330,293892,14.420000,400,48,83,293892,2,20240308092013330
000004.SZ,20240308,92018100,295157,14.420000,300,48,66,295157,1,20240308092018100
000004.SZ,20240308,92019920,295665,13.750000,300,48,83,295665,2,20240308092019920
000004.SZ,20240308,92021900,296151,13.110000,10000,48,83,296151,2,20240308092021900
000004.SZ,20240308,92023350,296526,13.000000,700,48,83,296526,2,20240308092023350
000004.SZ,20240308,92024860,296922,13.070000,1800,48,83,296922,2,20240308092024860
000004.SZ,20240308,92027950,297772,13.770000,6900,48,83,297772,2,20240308092027950
000004.SZ,20240308,92029350,298142,13.300000,5000,48,66,298142,1,20240308092029350
000004.SZ,20240308,92032200,298936,14.420000,9600,48,83,298936,2,20240308092032200
000004.SZ,20240308,92032250,298942,13.860000,100,48,83,298942,2,20240308092032250
000004.SZ,20240308,92033220,299197,13.110000,800,48,66,299197,1,20240308092033220
000004.SZ,20240308,92033730,299323,13.560000,1500,48,83,299323,2,20240308092033730
000004.SZ,20240308,92034840,299630,12.700000,500,48,66,299630,1,20240308092034840
000004.SZ,20240308,92035260,299739,14.420000,400,48,83,299739,2,20240308092035260
000004.SZ,20240308,92036790,300151,13.370000,400,48,83,300151,2,20240308092036790
000004.SZ,20240308,92036990,300204,14.200000,1800,48,83,300204,2,20240308092036990
000004.SZ,20240308,92044460,302157,13.370000,500,48,83,302157,2,20240308092044460
000004.SZ,20240308,92044890,302259,12.950000,1000,48,66,302259,1,20240308092044890
000004.SZ,20240308,92048000,303130,14.410000,86000,48,83,303130,2,20240308092048000
000004.SZ,20240308,92048680,303294,14.420000,2200,48,66,303294,1,20240308092048680
000004.SZ,20240308,92048960,303372,12.800000,200,48,66,303372,1,20240308092048960
000004.SZ,20240308,92050210,303713,14.300000,800,48,83,303713,2,20240308092050210
000004.SZ,20240308,92052460,304330,14.200000,1800,48,83,304330,2,20240308092052460
000004.SZ,20240308,92053700,304648,13.990000,1000,48,83,304648,2,20240308092053700
000004.SZ,20240308,92054700,304959,13.150000,900,48,66,304959,1,20240308092054700
000004.SZ,20240308,92054700,304964,12.820000,400,48,66,304964,1,20240308092054700
000004.SZ,20240308,92100310,306534,14.300000,400,48,83,306534,2,20240308092100310
000004.SZ,20240308,92102830,307246,12.880000,100,48,66,307246,1,20240308092102830
000004.SZ,20240308,92102840,307248,14.420000,200,48,83,307248,2,20240308092102840
000004.SZ,20240308,92108320,308787,13.600000,300,48,83,308787,2,20240308092108320
000004.SZ,20240308,92112260,309866,13.660000,600,48,83,309866,2,20240308092112260
000004.SZ,20240308,92115150,310704,14.420000,300,48,83,310704,2,20240308092115150
000004.SZ,20240308,92116100,310974,14.420000,1200,48,83,310974,2,20240308092116100
000004.SZ,20240308,92116530,311074,13.550000,300,48,83,311074,2,20240308092116530
000004.SZ,20240308,92116590,311088,13.120000,100,48,66,311088,1,20240308092116590
000004.SZ,20240308,92127980,314327,13.660000,500,48,83,314327,2,20240308092127980
000004.SZ,20240308,92128010,314336,13.390000,2600,48,83,314336,2,20240308092128010
000004.SZ,20240308,92128870,314600,12.660000,500,48,66,314600,1,20240308092128870
000004.SZ,20240308,92129430,314759,13.440000,1500,48,83,314759,2,20240308092129430
000004.SZ,20240308,92131790,315509,13.110000,1600,48,66,315509,1,20240308092131790
000004.SZ,20240308,92132340,315671,12.850000,200,48,83,315671,2,20240308092132340
000004.SZ,20240308,92132820,315798,13.880000,1500,48,83,315798,2,20240308092132820
000004.SZ,20240308,92133770,316091,13.840000,200,48,83,316091,2,20240308092133770
000004.SZ,20240308,92136940,317036,12.930000,200,48,66,317036,1,20240308092136940
000004.SZ,20240308,92138530,317510,13.500000,1000,48,83,317510,2,20240308092138530
000004.SZ,20240308,92147080,320174,13.590000,1000,48,83,320174,2,20240308092147080
000004.SZ,20240308,92147340,320261,13.500000,500,48,66,320261,1,20240308092147340
000004.SZ,20240308,92150150,321152,13.860000,100,48,83,321152,2,20240308092150150
000004.SZ,20240308,92152040,321763,13.000000,400,48,66,321763,1,20240308092152040
000004.SZ,20240308,92153680,322257,13.360000,2500,48,83,322257,2,20240308092153680
000004.SZ,20240308,92155200,322743,13.380000,2200,48,83,322743,2,20240308092155200
000004.SZ,20240308,92155230,322751,13.110000,500,48,66,322751,1,20240308092155230
000004.SZ,20240308,92158930,323948,13.110000,600,48,66,323948,1,20240308092158930
000004.SZ,20240308,92159410,324109,12.700000,200,48,66,324109,1,20240308092159410
000004.SZ,20240308,92200470,324425,13.100000,200,48,83,324425,2,20240308092200470
000004.SZ,20240308,92200990,324591,14.340000,200,48,83,324591,2,20240308092200990
000004.SZ,20240308,92202550,325055,13.300000,500,48,83,325055,2,20240308092202550
000004.SZ,20240308,92203440,325315,12.160000,100,48,66,325315,1,20240308092203440
000004.SZ,20240308,92204070,325531,13.990000,200,48,83,325531,2,20240308092204070
000004.SZ,20240308,92205890,326119,13.110000,200,48,83,326119,2,20240308092205890
000004.SZ,20240308,92206660,326402,12.820000,500,48,66,326402,1,20240308092206660
000004.SZ,20240308,92206680,326407,12.800000,1100,48,83,326407,2,20240308092206680
000004.SZ,20240308,92211830,328004,13.110000,500,48,66,328004,1,20240308092211830
000004.SZ,20240308,92212790,328293,14.020000,300,48,83,328293,2,20240308092212790
000004.SZ,20240308,92214490,328832,14.390000,2000,48,83,328832,2,20240308092214490
000004.SZ,20240308,92215360,329110,13.700000,200,48,83,329110,2,20240308092215360
000004.SZ,20240308,92219400,330424,13.460000,1000,48,83,330424,2,20240308092219400
000004.SZ,20240308,92220140,330633,13.770000,1400,48,83,330633,2,20240308092220140
000004.SZ,20240308,92220330,330694,13.100000,200,48,83,330694,2,20240308092220330
000004.SZ,20240308,92220890,330874,13.360000,500,48,83,330874,2,20240308092220890
000004.SZ,20240308,92221120,330942,13.600000,900,48,83,330942,2,20240308092221120
000004.SZ,20240308,92225170,332276,13.200000,2500,48,66,332276,1,20240308092225170
000004.SZ,20240308,92226470,332708,13.000000,5000,48,83,332708,2,20240308092226470
000004.SZ,20240308,92226740,332796,13.000000,1300,48,83,332796,2,20240308092226740
000004.SZ,20240308,92226940,332860,14.400000,5400,48,83,332860,2,20240308092226940
000004.SZ,20240308,92228090,333275,13.780000,12000,48,83,333275,2,20240308092228090
000004.SZ,20240308,92231190,334323,14.330000,600,48,83,334323,2,20240308092231190
000004.SZ,20240308,92234520,335531,12.920000,5000,48,66,335531,1,20240308092234520
000004.SZ,20240308,92235700,335916,13.070000,600,48,66,335916,1,20240308092235700
000004.SZ,20240308,92236010,336007,12.200000,1000,48,66,336007,1,20240308092236010
000004.SZ,20240308,92236700,336247,14.000000,2700,48,83,336247,2,20240308092236700
000004.SZ,20240308,92238100,336704,13.110000,300,48,66,336704,1,20240308092238100
000004.SZ,20240308,92239700,337252,13.110000,700,48,83,337252,2,20240308092239700
000004.SZ,20240308,92240190,337435,13.110000,200,48,83,337435,2,20240308092240190
000004.SZ,20240308,92240620,337597,13.010000,100,48,66,337597,1,20240308092240620
000004.SZ,20240308,92240710,337634,13.110000,200,48,66,337634,1,20240308092240710
000004.SZ,20240308,92241100,337777,11.800000,1300,48,83,337777,2,20240308092241100
000004.SZ,20240308,92242460,338261,13.880000,1000,48,83,338261,2,20240308092242460
000004.SZ,20240308,92242530,338294,13.860000,300,48,83,338294,2,20240308092242530
000004.SZ,20240308,92242980,338489,13.100000,700,48,83,338489,2,20240308092242980
000004.SZ,20240308,92244370,339021,14.420000,1000,48,83,339021,2,20240308092244370
000004.SZ,20240308,92245810,339530,13.690000,1100,48,83,339530,2,20240308092245810
000004.SZ,20240308,92246720,339843,13.990000,1000,48,66,339843,1,20240308092246720
000004.SZ,20240308,92249480,340826,14.280000,200,48,83,340826,2,20240308092249480
000004.SZ,20240308,92249510,340841,13.190000,6000,48,83,340841,2,20240308092249510
000004.SZ,20240308,92250530,341194,13.040000,300,48,83,341194,2,20240308092250530
000004.SZ,20240308,92252100,341806,13.110000,700,48,83,341806,2,20240308092252100
000004.SZ,20240308,92255190,342969,13.800000,1000,48,83,342969,2,20240308092255190
000004.SZ,20240308,92255410,343058,13.500000,1400,48,66,343058,1,20240308092255410
000004.SZ,20240308,92256640,343542,13.110000,100,48,66,343542,1,20240308092256640
000004.SZ,20240308,92258330,344218,13.110000,900,48,83,344218,2,20240308092258330
000004.SZ,20240308,92259730,344727,13.580000,1000,48,83,344727,2,20240308092259730
000004.SZ,20240308,92306830,347434,13.030000,2000,48,66,347434,1,20240308092306830
000004.SZ,20240308,92308190,347986,13.520000,1600,48,83,347986,2,20240308092308190
000004.SZ,20240308,92309160,348358,13.000000,300,48,66,348358,1,20240308092309160
000004.SZ,20240308,92310220,348817,13.180000,7600,48,66,348817,1,20240308092310220
000004.SZ,20240308,92310620,348997,13.000000,600,48,83,348997,2,20240308092310620
000004.SZ,20240308,92311120,349198,13.100000,1400,48,83,349198,2,20240308092311120
000004.SZ,20240308,92315660,350958,12.100000,100,48,66,350958,1,20240308092315660
000004.SZ,20240308,92318600,352221,13.690000,1000,48,83,352221,2,20240308092318600
000004.SZ,20240308,92320040,352830,14.320000,1500,48,83,352830,2,20240308092320040
000004.SZ,20240308,92320190,352888,13.400000,500,48,66,352888,1,20240308092320190
000004.SZ,20240308,92322390,353733,11.800000,1000,48,83,353733,2,20240308092322390
000004.SZ,20240308,92324540,354679,13.320000,900,48,66,354679,1,20240308092324540
000004.SZ,20240308,92326600,355600,13.600000,2000,48,83,355600,2,20240308092326600
000004.SZ,20240308,92326870,355741,13.190000,500,48,83,355741,2,20240308092326870
000004.SZ,20240308,92327650,356097,13.500000,900,48,83,356097,2,20240308092327650
000004.SZ,20240308,92331380,357817,12.930000,100,48,66,357817,1,20240308092331380
000004.SZ,20240308,92333150,358601,13.810000,1000,48,83,358601,2,20240308092333150
000004.SZ,20240308,92333330,358670,13.990000,400,48,83,358670,2,20240308092333330
000004.SZ,20240308,92333410,358711,13.220000,5500,48,66,358711,1,20240308092333410
000004.SZ,20240308,92339870,361639,14.080000,300,48,83,361639,2,20240308092339870
000004.SZ,20240308,92341680,362420,13.450000,100,48,83,362420,2,20240308092341680
000004.SZ,20240308,92348300,365404,14.400000,600,48,83,365404,2,20240308092348300
000004.SZ,20240308,92348420,365453,14.380000,500,48,83,365453,2,20240308092348420
000004.SZ,20240308,92349550,365980,13.600000,100,48,83,365980,2,20240308092349550
000004.SZ,20240308,92350270,366287,13.550000,100,48,66,366287,1,20240308092350270
000004.SZ,20240308,92351020,366608,12.580000,2000,48,66,366608,1,20240308092351020
000004.SZ,20240308,92355710,368810,13.300000,2000,48,66,368810,1,20240308092355710
000004.SZ,20240308,92359110,370406,13.420000,700,48,83,370406,2,20240308092359110
000004.SZ,20240308,92400240,370996,13.760000,200,48,66,370996,1,20240308092400240
000004.SZ,20240308,92400260,371009,12.460000,200,48,83,371009,2,20240308092400260
000004.SZ,20240308,92400330,371059,12.460000,200,48,83,371059,2,20240308092400330
000004.SZ,20240308,92400520,371166,13.380000,600,48,83,371166,2,20240308092400520
000004.SZ,20240308,92401620,371697,14.410000,100,48,83,371697,2,20240308092401620
000004.SZ,20240308,92402170,371988,13.110000,4900,48,66,371988,1,20240308092402170
000004.SZ,20240308,92404340,373171,11.800000,2900,48,83,373171,2,20240308092404340
000004.SZ,20240308,92405440,373788,12.670000,600,48,66,373788,1,20240308092405440
000004.SZ,20240308,92406170,374191,13.100000,1200,48,83,374191,2,20240308092406170
000004.SZ,20240308,92406840,374581,14.280000,1200,48,83,374581,2,20240308092406840
000004.SZ,20240308,92407420,374972,13.000000,6300,48,83,374972,2,20240308092407420
000004.SZ,20240308,92409620,376269,13.110000,2900,48,66,376269,1,20240308092409620
000004.SZ,20240308,92411360,377380,12.120000,100,48,66,377380,1,20240308092411360
000004.SZ,20240308,92412440,378040,13.040000,200,48,83,378040,2,20240308092412440
000004.SZ,20240308,92413160,378561,13.730000,3800,48,83,378561,2,20240308092413160
000004.SZ,20240308,92413810,378986,13.110000,300,48,83,378986,2,20240308092413810
000004.SZ,20240308,92413840,379010,14.420000,500,48,83,379010,2,20240308092413840
000004.SZ,20240308,92414650,379574,13.000000,1800,48,83,379574,2,20240308092414650
000004.SZ,20240308,92415640,380268,13.400000,800,48,83,380268,2,20240308092415640
000004.SZ,20240308,92418160,381933,13.110000,100,48,83,381933,2,20240308092418160
000004.SZ,20240308,92422290,384951,13.160000,1500,48,66,384951,1,20240308092422290
000004.SZ,20240308,92422550,385149,13.110000,800,48,66,385149,1,20240308092422550
000004.SZ,20240308,92423970,386149,13.060000,500,48,83,386149,2,20240308092423970
000004.SZ,20240308,92425150,387035,13.110000,400,48,83,387035,2,20240308092425150
000004.SZ,20240308,92430790,391340,13.210000,5900,48,66,391340,1,20240308092430790
000004.SZ,20240308,92431170,391572,13.000000,900,48,83,391572,2,20240308092431170
000004.SZ,20240308,92431500,391847,13.090000,2000,48,83,391847,2,20240308092431500
000004.SZ,20240308,92431640,391951,13.110000,1000,48,66,391951,1,20240308092431640
000004.SZ,20240308,92431930,392159,13.150000,6700,48,66,392159,1,20240308092431930
000004.SZ,20240308,92432870,392862,13.160000,700,48,66,392862,1,20240308092432870
000004.SZ,20240308,92436790,395929,13.060000,4900,48,83,395929,2,20240308092436790
000004.SZ,20240308,92437850,396881,14.000000,2700,48,83,396881,2,20240308092437850
000004.SZ,20240308,92438050,397041,14.420000,1000,48,66,397041,1,20240308092438050
000004.SZ,20240308,92439140,397899,13.190000,200,48,66,397899,1,20240308092439140
000004.SZ,20240308,92439890,398535,12.360000,1000,48,66,398535,1,20240308092439890
000004.SZ,20240308,92440240,398837,13.850000,800,48,83,398837,2,20240308092440240
000004.SZ,20240308,92440340,398918,13.100000,400,48,83,398918,2,20240308092440340
000004.SZ,20240308,92440630,399143,13.370000,1000,48,66,399143,1,20240308092440630
000004.SZ,20240308,92441210,399640,13.300000,800,48,66,399640,1,20240308092441210
000004.SZ,20240308,92441400,399786,12.980000,100,48,66,399786,1,20240308092441400
000004.SZ,20240308,92441400,399788,11.800000,300,48,83,399788,2,20240308092441400
000004.SZ,20240308,92441950,400289,13.110000,400,48,66,400289,1,20240308092441950
000004.SZ,20240308,92442170,400454,13.210000,300,48,83,400454,2,20240308092442170
000004.SZ,20240308,92442670,400933,13.100000,1800,48,83,400933,2,20240308092442670
000004.SZ,20240308,92442830,401058,13.220000,700,48,66,401058,1,20240308092442830
000004.SZ,20240308,92443750,401776,11.800000,1000,48,83,401776,2,20240308092443750
000004.SZ,20240308,92444060,402004,13.110000,19000,48,83,402004,2,20240308092444060
000004.SZ,20240308,92444290,402162,14.420000,300,48,66,402162,1,20240308092444290
000004.SZ,20240308,92445140,402876,13.900000,17000,48,83,402876,2,20240308092445140
000004.SZ,20240308,92447360,404797,14.420000,100,48,66,404797,1,20240308092447360
000004.SZ,20240308,92447680,405063,14.420000,1000,48,66,405063,1,20240308092447680
000004.SZ,20240308,92447850,405207,12.930000,26900,48,66,405207,1,20240308092447850
000004.SZ,20240308,92448730,406077,13.090000,1000,48,66,406077,1,20240308092448730
000004.SZ,20240308,92449770,407191,14.420000,100,48,66,407191,1,20240308092449770
000004.SZ,20240308,92450160,407686,13.310000,100,48,66,407686,1,20240308092450160
000004.SZ,20240308,92452300,410726,12.730000,400,48,66,410726,1,20240308092452300
000004.SZ,20240308,92452430,410846,13.310000,400,48,83,410846,2,20240308092452430
000004.SZ,20240308,92452540,410955,13.120000,100,48,66,410955,1,20240308092452540
000004.SZ,20240308,92452870,411310,14.000000,300,48,83,411310,2,20240308092452870
000004.SZ,20240308,92452960,411417,13.310000,5000,48,66,411417,1,20240308092452960
000004.SZ,20240308,92455590,415956,12.490000,100,48,83,415956,2,20240308092455590
000004.SZ,20240308,92455640,416060,12.490000,2600,48,83,416060,2,20240308092455640
000004.SZ,20240308,92456300,417441,13.110000,2300,48,83,417441,2,20240308092456300
000004.SZ,20240308,92456530,418385,13.080000,1000,48,83,418385,2,20240308092456530
000004.SZ,20240308,92457170,420353,13.970000,7600,48,66,420353,1,20240308092457170
000004.SZ,20240308,92457350,420880,13.030000,100,48,83,420880,2,20240308092457350
000004.SZ,20240308,92457470,421155,12.660000,3000,48,66,421155,1,20240308092457470
000004.SZ,20240308,92457640,421582,12.050000,900,48,66,421582,1,20240308092457640
000004.SZ,20240308,92457740,421758,13.770000,3300,48,66,421758,1,20240308092457740
000004.SZ,20240308,92457920,422006,13.490000,800,48,83,422006,2,20240308092457920
000004.SZ,20240308,92458700,423751,13.120000,100,48,66,423751,1,20240308092458700
000004.SZ,20240308,92459430,425587,13.560000,800,48,66,425587,1,20240308092459430
000004.SZ,20240308,92459540,425758,13.560000,800,48,66,425758,1,20240308092459540
000004.SZ,20240308,92459660,426097,13.020000,14500,48,83,426097,2,20240308092459660
000004.SZ,20240308,92459900,427167,13.290000,14200,48,66,427167,1,20240308092459900
000004.SZ,20240308,93000030,504964,14.200000,13400,48,83,504964,2,20240308093000030
000004.SZ,20240308,93000030,509026,13.110000,700,48,83,509026,2,20240308093000030
000004.SZ,20240308,93000040,510684,13.110000,300,48,66,510684,1,20240308093000040
000004.SZ,20240308,93000040,511551,11.800000,3000,48,66,511551,1,20240308093000040
000004.SZ,20240308,93000040,512446,14.400000,1600,48,83,512446,2,20240308093000040
000004.SZ,20240308,93000050,515905,11.850000,100,48,66,515905,1,20240308093000050
000004.SZ,20240308,93000050,515915,13.520000,100,48,83,515915,2,20240308093000050
000004.SZ,20240308,93000050,516026,13.400000,200,48,83,516026,2,20240308093000050
000004.SZ,20240308,93000050,517108,13.130000,73100,48,66,517108,1,20240308093000050
000004.SZ,20240308,93000050,516823,14.420000,1000,48,83,516823,2,20240308093000050
000004.SZ,20240308,93000050,518398,13.110000,600,48,66,518398,1,20240308093000050
000004.SZ,20240308,93000060,521985,14.100000,2000,48,83,521985,2,20240308093000060
000004.SZ,20240308,93000060,523861,14.420000,700,48,83,523861,2,20240308093000060
000004.SZ,20240308,93000060,524483,13.010000,15400,48,83,524483,2,20240308093000060
000004.SZ,20240308,93000070,525386,13.530000,800,48,83,525386,2,20240308093000070
000004.SZ,20240308,93000070,525881,13.110000,700,48,66,525881,1,20240308093000070
000004.SZ,20240308,93000070,527958,13.090000,9000,48,83,527958,2,20240308093000070
000004.SZ,20240308,93000080,532622,13.090000,500,48,83,532622,2,20240308093000080
000004.SZ,20240308,93000080,530301,12.400000,200,48,66,530301,1,20240308093000080
000004.SZ,20240308,93000080,530767,13.110000,100,48,83,530767,2,20240308093000080
000004.SZ,20240308,93000080,529862,13.400000,600,48,83,529862,2,20240308093000080
000004.SZ,20240308,93000090,533233,13.180000,400,48,83,533233,2,20240308093000090
000004.SZ,20240308,93000090,534232,12.620000,3000,48,66,534232,1,20240308093000090
000004.SZ,20240308,93000090,534898,13.110000,500,48,83,534898,2,20240308093000090
000004.SZ,20240308,93000090,537918,13.300000,1000,48,83,537918,2,20240308093000090
000004.SZ,20240308,93000090,537182,13.860000,200,48,83,537182,2,20240308093000090
000004.SZ,20240308,93000100,540604,13.120000,3900,48,66,540604,1,20240308093000100
000004.SZ,20240308,93000100,538746,13.110000,300,48,66,538746,1,20240308093000100
000004.SZ,20240308,93000100,539475,14.420000,2500,48,83,539475,2,20240308093000100
000004.SZ,20240308,93000110,546090,13.050000,1000,48,83,546090,2,20240308093000110
000004.SZ,20240308,93000110,544325,12.800000,400,48,66,544325,1,20240308093000110
000004.SZ,20240308,93000110,546986,12.600000,1000,48,66,546986,1,20240308093000110
000004.SZ,20240308,93000110,549346,13.090000,200,48,83,549346,2,20240308093000110
000004.SZ,20240308,93000110,544743,13.070000,1200,48,83,544743,2,20240308093000110
000004.SZ,20240308,93000110,547469,13.180000,1000,48,83,547469,2,20240308093000110
000004.SZ,20240308,93000110,545093,13.110000,1700,48,66,545093,1,20240308093000110
000004.SZ,20240308,93000110,545230,13.700000,500,48,83,545230,2,20240308093000110
000004.SZ,20240308,93000110,548341,14.410000,1900,48,83,548341,2,20240308093000110
000004.SZ,20240308,93000120,551493,12.450000,200,48,66,551493,1,20240308093000120
000004.SZ,20240308,93000120,551724,13.010000,1100,48,83,551724,2,20240308093000120
000004.SZ,20240308,93000120,553408,12.860000,300,48,66,553408,1,20240308093000120
000004.SZ,20240308,93000130,560900,14.420000,2400,48,83,560900,2,20240308093000130
000004.SZ,20240308,93000130,558658,14.000000,500,48,83,558658,2,20240308093000130
000004.SZ,20240308,93000130,557640,13.420000,16600,48,83,557640,2,20240308093000130
000004.SZ,20240308,93000130,561074,14.410000,500,48,83,561074,2,20240308093000130
000004.SZ,20240308,93000130,557713,13.340000,3100,48,66,557713,1,20240308093000130
000004.SZ,20240308,93000130,557365,13.220000,4500,48,83,557365,2,20240308093000130
000004.SZ,20240308,93000130,561449,13.200000,700,48,66,561449,1,20240308093000130
000004.SZ,20240308,93000130,559090,13.560000,16600,48,83,559090,2,20240308093000130
000004.SZ,20240308,93000130,558122,13.110000,200,48,83,558122,2,20240308093000130
000004.SZ,20240308,93000130,559207,13.130000,100,48,83,559207,2,20240308093000130
000004.SZ,20240308,93000130,559304,13.730000,16700,48,83,559304,2,20240308093000130
000004.SZ,20240308,93000130,560007,12.710000,100,48,66,560007,1,20240308093000130
000004.SZ,20240308,93000140,563797,13.050000,2400,48,66,563797,1,20240308093000140
000004.SZ,20240308,93000140,564849,13.170000,1200,48,83,564849,2,20240308093000140
000004.SZ,20240308,93000140,563901,13.200000,100,48,66,563901,1,20240308093000140
000004.SZ,20240308,93000140,561897,12.780000,200,48,66,561897,1,20240308093000140
000004.SZ,20240308,93000140,562064,13.110000,1000,48,66,562064,1,20240308093000140
000004.SZ,20240308,93000140,564454,13.530000,500,48,83,564454,2,20240308093000140
000004.SZ,20240308,93000150,567209,13.110000,1100,48,83,567209,2,20240308093000150
000004.SZ,20240308,93000150,567361,13.630000,1100,48,83,567361,2,20240308093000150
000004.SZ,20240308,93000160,570452,13.770000,100,48,83,570452,2,20240308093000160
000004.SZ,20240308,93000160,572941,13.880000,1000,48,83,572941,2,20240308093000160
000004.SZ,20240308,93000160,574960,12.990000,7200,48,83,574960,2,20240308093000160
000004.SZ,20240308,93000160,574527,13.480000,1800,48,83,574527,2,20240308093000160
000004.SZ,20240308,93000170,576807,13.090000,200,48,66,576807,1,20240308093000170
000004.SZ,20240308,93000170,577122,14.400000,2400,48,83,577122,2,20240308093000170
000004.SZ,20240308,93000170,577444,13.030000,700,48,83,577444,2,20240308093000170
000004.SZ,20240308,93000170,578266,13.120000,400,48,66,578266,1,20240308093000170
000004.SZ,20240308,93000180,579615,13.040000,200,48,66,579615,1,20240308093000180
000004.SZ,20240308,93000180,582651,12.550000,2000,48,66,582651,1,20240308093000180
000004.SZ,20240308,93000180,581109,14.400000,500,48,83,581109,2,20240308093000180
000004.SZ,20240308,93000180,581347,13.200000,500,48,83,581347,2,20240308093000180
000004.SZ,20240308,93000190,583834,12.970000,700,48,83,583834,2,20240308093000190
000004.SZ,20240308,93000190,585754,12.800000,600,48,66,585754,1,20240308093000190
000004.SZ,20240308,93000190,584070,13.110000,800,48,66,584070,1,20240308093000190
000004.SZ,20240308,93000200,587834,13.350000,100,48,83,587834,2,20240308093000200
000004.SZ,20240308,93000200,589275,13.110000,3300,48,83,589275,2,20240308093000200
000004.SZ,20240308,93000200,588357,13.070000,1900,48,66,588357,1,20240308093000200
000004.SZ,20240308,93000200,588645,13.120000,500,48,66,588645,1,20240308093000200
000004.SZ,20240308,93000210,591299,12.550000,300,48,66,591299,1,20240308093000210
000004.SZ,20240308,93000220,594923,13.100000,800,48,66,594923,1,20240308093000220
000004.SZ,20240308,93000220,595302,12.660000,300,48,66,595302,1,20240308093000220
000004.SZ,20240308,93000230,598023,13.110000,1200,48,66,598023,1,20240308093000230
000004.SZ,20240308,93000230,598259,12.640000,1200,48,66,598259,1,20240308093000230
000004.SZ,20240308,93000230,596996,13.080000,200,48,83,596996,2,20240308093000230
000004.SZ,20240308,93000230,598693,13.890000,100,48,83,598693,2,20240308093000230
000004.SZ,20240308,93000230,599456,13.110000,100,48,66,599456,1,20240308093000230
000004.SZ,20240308,93000240,600768,13.180000,800,48,83,600768,2,20240308093000240
000004.SZ,20240308,93000240,601975,13.080000,500,48,66,601975,1,20240308093000240
000004.SZ,20240308,93000240,602175,13.010000,1000,48,66,602175,1,20240308093000240
000004.SZ,20240308,93000250,603882,13.370000,300,48,83,603882,2,20240308093000250
000004.SZ,20240308,93000250,605131,14.300000,100,48,83,605131,2,20240308093000250
000004.SZ,20240308,93000250,605144,14.420000,100,48,83,605144,2,20240308093000250
000004.SZ,20240308,93000250,605285,12.600000,500,48,66,605285,1,20240308093000250
000004.SZ,20240308,93000250,603992,14.360000,700,48,83,603992,2,20240308093000250
000004.SZ,20240308,93000250,605668,13.860000,100,48,83,605668,2,20240308093000250
000004.SZ,20240308,93000250,604540,14.180000,2800,48,83,604540,2,20240308093000250
000004.SZ,20240308,93000250,604815,14.000000,100,48,83,604815,2,20240308093000250
000004.SZ,20240308,93000250,604856,13.210000,300,48,83,604856,2,20240308093000250
000004.SZ,20240308,93000260,606016,12.940000,15400,48,66,606016,1,20240308093000260
000004.SZ,20240308,93000260,607690,14.420000,400,48,83,607690,2,20240308093000260
000004.SZ,20240308,93000270,610073,13.410000,800,48,83,610073,2,20240308093000270
000004.SZ,20240308,93000270,610296,13.000000,600,48,66,610296,1,20240308093000270
000004.SZ,20240308,93000280,611393,11.800000,100,48,66,611393,1,20240308093000280
000004.SZ,20240308,93000280,611672,13.260000,1600,48,66,611672,1,20240308093000280
000004.SZ,20240308,93000290,613129,13.090000,100,48,83,613129,2,20240308093000290
000004.SZ,20240308,93000300,614715,13.090000,8900,48,83,614715,2,20240308093000300
000004.SZ,20240308,93000300,615562,13.300000,500,48,83,615562,2,20240308093000300
000004.SZ,20240308,93000300,615571,13.010000,200,48,66,615571,1,20240308093000300
000004.SZ,20240308,93000310,617060,13.050000,100,48,83,617060,2,20240308093000310
000004.SZ,20240308,93000310,616967,12.700000,300,48,66,616967,1,20240308093000310
000004.SZ,20240308,93000330,620278,12.600000,700,48,66,620278,1,20240308093000330
000004.SZ,20240308,93000330,620435,13.020000,1400,48,66,620435,1,20240308093000330
000004.SZ,20240308,93000330,619327,12.800000,100,48,66,619327,1,20240308093000330
000004.SZ,20240308,93000340,621072,13.000000,600,48,66,621072,1,20240308093000340
000004.SZ,20240308,93000340,621626,13.080000,2000,48,83,621626,2,20240308093000340
000004.SZ,20240308,93000340,621825,12.880000,300,48,66,621825,1,20240308093000340
000004.SZ,20240308,93000340,621907,12.900000,200,48,66,621907,1,20240308093000340
000004.SZ,20240308,93000360,623841,13.890000,4000,48,83,623841,2,20240308093000360
000004.SZ,20240308,93000370,624632,13.550000,3500,48,83,624632,2,20240308093000370
000004.SZ,20240308,93000370,624819,12.560000,200,48,66,624819,1,20240308093000370
000004.SZ,20240308,93000380,626616,13.190000,6000,48,66,626616,1,20240308093000380
000004.SZ,20240308,93000380,626819,13.190000,5500,48,66,626819,1,20240308093000380
000004.SZ,20240308,93000380,625814,14.400000,1000,48,83,625814,2,20240308093000380
000004.SZ,20240308,93000390,627347,13.110000,200,48,66,627347,1,20240308093000390
000004.SZ,20240308,93000390,627547,14.330000,100,48,83,627547,2,20240308093000390
000004.SZ,20240308,93000400,628572,13.200000,600,48,83,628572,2,20240308093000400
000004.SZ,20240308,93000400,629637,14.130000,1700,48,83,629637,2,20240308093000400
000004.SZ,20240308,93000410,631578,12.800000,1500,48,66,631578,1,20240308093000410
000004.SZ,20240308,93000410,630498,13.500000,400,48,83,630498,2,20240308093000410
000004.SZ,20240308,93000420,631681,13.120000,600,48,66,631681,1,20240308093000420
000004.SZ,20240308,93000420,632302,13.110000,400,48,66,632302,1,20240308093000420
000004.SZ,20240308,93000420,632978,12.500000,500,48,66,632978,1,20240308093000420
000004.SZ,20240308,93000420,633007,13.430000,100,48,83,633007,2,20240308093000420
000004.SZ,20240308,93000430,634080,13.750000,900,48,83,634080,2,20240308093000430
000004.SZ,20240308,93000430,634654,12.330000,3200,48,66,634654,1,20240308093000430
000004.SZ,20240308,93000440,635929,13.150000,100,48,66,635929,1,20240308093000440
000004.SZ,20240308,93000440,635207,13.100000,500,48,66,635207,1,20240308093000440
000004.SZ,20240308,93000450,636984,13.000000,600,48,66,636984,1,20240308093000450
000004.SZ,20240308,93000450,637043,12.550000,1500,48,66,637043,1,20240308093000450
000004.SZ,20240308,93000460,638874,12.550000,6000,48,66,638874,1,20240308093000460
000004.SZ,20240308,93000460,637512,13.080000,100,48,66,637512,1,20240308093000460
000004.SZ,20240308,93000470,639643,13.110000,1100,48,66,639643,1,20240308093000470
000004.SZ,20240308,93000470,639809,13.110000,1300,48,66,639809,1,20240308093000470
000004.SZ,20240308,93000470,639912,14.180000,900,48,83,639912,2,20240308093000470
000004.SZ,20240308,93000480,641047,13.400000,700,48,83,641047,2,20240308093000480
000004.SZ,20240308,93000490,642771,13.110000,1000,48,66,642771,1,20240308093000490
000004.SZ,20240308,93000500,643509,14.340000,500,48,83,643509,2,20240308093000500
000004.SZ,20240308,93000510,645327,12.960000,100,48,66,645327,1,20240308093000510
000004.SZ,20240308,93000510,644648,13.170000,500,48,66,644648,1,20240308093000510
000004.SZ,20240308,93000510,644805,13.540000,2300,48,83,644805,2,20240308093000510
000004.SZ,20240308,93000530,647031,12.800000,2000,48,66,647031,1,20240308093000530
000004.SZ,20240308,93000540,648559,14.420000,2000,48,83,648559,2,20240308093000540
000004.SZ,20240308,93000560,649982,13.500000,3000,48,83,649982,2,20240308093000560
000004.SZ,20240308,93000570,651272,14.420000,3500,48,83,651272,2,20240308093000570
000004.SZ,20240308,93000570,653305,13.180000,300,48,83,653305,2,20240308093000570
000004.SZ,20240308,93000570,653339,13.290000,400,48,83,653339,2,20240308093000570
000004.SZ,20240308,93000570,653340,13.450000,1600,48,83,653340,2,20240308093000570
000004.SZ,20240308,93000590,655082,14.420000,2000,48,83,655082,2,20240308093000590
000004.SZ,20240308,93000600,658091,14.420000,3600,48,83,658091,2,20240308093000600
000004.SZ,20240308,93000610,659552,13.000000,100,48,66,659552,1,20240308093000610
000004.SZ,20240308,93000620,661466,13.130000,800,48,66,661466,1,20240308093000620
000004.SZ,20240308,93000620,661489,13.110000,200,48,66,661489,1,20240308093000620
000004.SZ,20240308,93000630,664167,12.610000,1000,48,66,664167,1,20240308093000630
000004.SZ,20240308,93000640,664395,13.600000,1000,48,83,664395,2,20240308093000640
000004.SZ,20240308,93000640,664693,13.080000,100,48,83,664693,2,20240308093000640
000004.SZ,20240308,93000680,668759,12.920000,100,48,66,668759,1,20240308093000680
000004.SZ,20240308,93000730,673660,14.310000,400,48,83,673660,2,20240308093000730
000004.SZ,20240308,93000740,675113,12.990000,200,48,66,675113,1,20240308093000740
000004.SZ,20240308,93000740,675332,13.000000,300,48,66,675332,1,20240308093000740
000004.SZ,20240308,93000740,675697,13.490000,300,48,83,675697,2,20240308093000740
000004.SZ,20240308,93000740,676189,13.120000,800,48,66,676189,1,20240308093000740
000004.SZ,20240308,93000750,676802,12.550000,300,48,66,676802,1,20240308093000750
000004.SZ,20240308,93000760,678677,12.980000,500,48,66,678677,1,20240308093000760
000004.SZ,20240308,93000760,678893,13.090000,500,48,83,678893,2,20240308093000760
000004.SZ,20240308,93000770,680015,13.170000,100,48,83,680015,2,20240308093000770
000004.SZ,20240308,93000770,680399,13.780000,700,48,83,680399,2,20240308093000770
000004.SZ,20240308,93000770,679014,13.190000,100,48,83,679014,2,20240308093000770
000004.SZ,20240308,93000780,680945,13.150000,500,48,83,680945,2,20240308093000780
000004.SZ,20240308,93000780,680992,14.420000,800,48,83,680992,2,20240308093000780
000004.SZ,20240308,93000790,682873,13.570000,4000,48,83,682873,2,20240308093000790
000004.SZ,20240308,93000800,683640,14.420000,500,48,83,683640,2,20240308093000800
000004.SZ,20240308,93000800,683999,13.210000,600,48,83,683999,2,20240308093000800
000004.SZ,20240308,93000820,685290,13.480000,500,48,83,685290,2,20240308093000820
000004.SZ,20240308,93000820,685956,14.000000,800,48,83,685956,2,20240308093000820
000004.SZ,20240308,93000830,686367,14.420000,1300,48,83,686367,2,20240308093000830
000004.SZ,20240308,93000830,687042,13.030000,2000,48,66,687042,1,20240308093000830
000004.SZ,20240308,93000840,688206,13.120000,4400,48,83,688206,2,20240308093000840
000004.SZ,20240308,93000860,690565,13.230000,1500,48,83,690565,2,20240308093000860
000004.SZ,20240308,93000860,690901,12.900000,300,48,66,690901,1,20240308093000860
000004.SZ,20240308,93000860,690074,12.110000,800,48,66,690074,1,20240308093000860
000004.SZ,20240308,93000880,693662,12.920000,600,48,66,693662,1,20240308093000880
000004.SZ,20240308,93000890,694700,13.190000,4000,48,66,694700,1,20240308093000890
000004.SZ,20240308,93000900,696186,14.420000,300,48,83,696186,2,20240308093000900
000004.SZ,20240308,93000930,698912,13.160000,900,48,66,698912,1,20240308093000930
000004.SZ,20240308,93000930,698922,12.710000,1200,48,66,698922,1,20240308093000930
000004.SZ,20240308,93000960,703543,13.110000,600,48,83,703543,2,20240308093000960
000004.SZ,20240308,93000960,702758,13.370000,1000,48,83,702758,2,20240308093000960
000004.SZ,20240308,93000960,702761,13.020000,1000,48,66,702761,1,20240308093000960
000004.SZ,20240308,93000990,707195,13.060000,200,48,66,707195,1,20240308093000990
000004.SZ,20240308,93001000,708008,12.550000,2100,48,66,708008,1,20240308093001000
000004.SZ,20240308,93001010,708974,14.420000,900,48,83,708974,2,20240308093001010
000004.SZ,20240308,93001020,709688,13.110000,300,48,83,709688,2,20240308093001020
000004.SZ,20240308,93001020,709718,13.880000,2900,48,83,709718,2,20240308093001020
000004.SZ,20240308,93001020,709825,12.400000,500,48,66,709825,1,20240308093001020
000004.SZ,20240308,93001030,711345,13.110000,300,48,83,711345,2,20240308093001030
000004.SZ,20240308,93001030,711862,11.980000,1000,48,66,711862,1,20240308093001030
000004.SZ,20240308,93001040,713106,12.810000,2300,48,66,713106,1,20240308093001040
000004.SZ,20240308,93001060,714670,12.920000,500,48,66,714670,1,20240308093001060
000004.SZ,20240308,93001060,714260,12.550000,1000,48,66,714260,1,20240308093001060
000004.SZ,20240308,93001070,715634,13.900000,100,48,83,715634,2,20240308093001070
000004.SZ,20240308,93001100,717790,14.000000,3000,48,83,717790,2,20240308093001100
000004.SZ,20240308,93001110,718746,13.480000,200,48,83,718746,2,20240308093001110
000004.SZ,20240308,93001110,718549,13.110000,100,48,66,718549,1,20240308093001110
000004.SZ,20240308,93001140,721436,13.840000,500,48,83,721436,2,20240308093001140
000004.SZ,20240308,93001140,721493,13.160000,700,48,83,721493,2,20240308093001140
000004.SZ,20240308,93001180,723677,13.110000,600,48,66,723677,1,20240308093001180
000004.SZ,20240308,93001200,725276,12.880000,100,48,66,725276,1,20240308093001200
000004.SZ,20240308,93001210,726289,12.970000,500,48,66,726289,1,20240308093001210
000004.SZ,20240308,93001210,726687,13.110000,200,48,66,726687,1,20240308093001210
000004.SZ,20240308,93001220,726924,13.790000,500,48,83,726924,2,20240308093001220
000004.SZ,20240308,93001220,727053,13.900000,2300,48,83,727053,2,20240308093001220
000004.SZ,20240308,93001240,728739,14.420000,1000,48,83,728739,2,20240308093001240
000004.SZ,20240308,93001250,729508,13.160000,100,48,83,729508,2,20240308093001250
000004.SZ,20240308,93001260,730108,13.210000,900,48,66,730108,1,20240308093001260
000004.SZ,20240308,93001270,730795,13.430000,100,48,83,730795,2,20240308093001270
000004.SZ,20240308,93001290,732853,14.000000,500,48,83,732853,2,20240308093001290
000004.SZ,20240308,93001330,736057,13.110000,100,48,66,736057,1,20240308093001330
000004.SZ,20240308,93001350,737931,13.110000,600,48,66,737931,1,20240308093001350
000004.SZ,20240308,93001370,739211,13.770000,2000,48,83,739211,2,20240308093001370
000004.SZ,20240308,93001370,739380,12.850000,100,48,66,739380,1,20240308093001370
000004.SZ,20240308,93001380,740223,13.030000,300,48,83,740223,2,20240308093001380
000004.SZ,20240308,93001400,740879,13.900000,900,48,83,740879,2,20240308093001400
000004.SZ,20240308,93001420,742348,13.010000,3000,48,66,742348,1,20240308093001420
000004.SZ,20240308,93001440,743660,13.900000,400,48,83,743660,2,20240308093001440
000004.SZ,20240308,93001460,744812,12.910000,1100,48,66,744812,1,20240308093001460
000004.SZ,20240308,93001460,745344,13.010000,200,48,66,745344,1,20240308093001460
000004.SZ,20240308,93001470,746123,12.600000,1600,48,66,746123,1,20240308093001470
000004.SZ,20240308,93001470,745671,13.080000,4300,48,83,745671,2,20240308093001470
000004.SZ,20240308,93001470,745739,13.090000,200,48,83,745739,2,20240308093001470
000004.SZ,20240308,93001490,747681,12.400000,300,48,66,747681,1,20240308093001490
000004.SZ,20240308,93001550,751963,12.930000,200,48,66,751963,1,20240308093001550
000004.SZ,20240308,93001550,752002,13.090000,300,48,83,752002,2,20240308093001550
000004.SZ,20240308,93001560,752119,13.090000,9900,48,83,752119,2,20240308093001560
000004.SZ,20240308,93001560,752414,13.680000,200,48,83,752414,2,20240308093001560
000004.SZ,20240308,93001570,753670,13.590000,3400,48,83,753670,2,20240308093001570
000004.SZ,20240308,93001570,753280,13.150000,100,48,66,753280,1,20240308093001570
000004.SZ,20240308,93001570,753632,13.200000,1200,48,83,753632,2,20240308093001570
000004.SZ,20240308,93001590,754732,12.560000,600,48,66,754732,1,20240308093001590
000004.SZ,20240308,93001600,755600,12.550000,500,48,66,755600,1,20240308093001600
000004.SZ,20240308,93001600,756102,12.550000,200,48,66,756102,1,20240308093001600
000004.SZ,20240308,93001610,756617,13.400000,300,48,83,756617,2,20240308093001610
000004.SZ,20240308,93001610,756988,13.110000,500,48,66,756988,1,20240308093001610
000004.SZ,20240308,93001640,758975,13.500000,600,48,83,758975,2,20240308093001640
000004.SZ,20240308,93001640,758417,13.110000,200,48,66,758417,1,20240308093001640
000004.SZ,20240308,93001640,758468,14.420000,4800,49,66,758468,1,20240308093001640
000004.SZ,20240308,93001640,758802,13.030000,2000,48,66,758802,1,20240308093001640
000004.SZ,20240308,93001650,759312,13.010000,100,48,83,759312,2,20240308093001650
000004.SZ,20240308,93001650,759489,13.500000,500,48,83,759489,2,20240308093001650
000004.SZ,20240308,93001710,762383,13.110000,300,48,66,762383,1,20240308093001710
000004.SZ,20240308,93001710,762575,0.000000,10400,49,83,762575,2,20240308093001710
000004.SZ,20240308,93001710,762639,13.010000,1000,48,66,762639,1,20240308093001710
000004.SZ,20240308,93001740,763642,13.130000,700,48,66,763642,1,20240308093001740
000004.SZ,20240308,93001760,764975,13.110000,100,48,66,764975,1,20240308093001760
000004.SZ,20240308,93001800,767780,12.350000,2400,48,66,767780,1,20240308093001800
000004.SZ,20240308,93001800,767825,13.300000,1000,48,83,767825,2,20240308093001800
000004.SZ,20240308,93001810,768325,13.010000,1700,48,83,768325,2,20240308093001810
000004.SZ,20240308,93001810,768601,14.390000,100,48,83,768601,2,20240308093001810
000004.SZ,20240308,93001810,768169,13.110000,800,48,66,768169,1,20240308093001810
000004.SZ,20240308,93001830,769655,13.550000,500,48,83,769655,2,20240308093001830
000004.SZ,20240308,93001840,770522,13.000000,2400,48,66,770522,1,20240308093001840
000004.SZ,20240308,93001850,770856,13.000000,500,48,66,770856,1,20240308093001850
000004.SZ,20240308,93001860,772076,13.080000,100,48,83,772076,2,20240308093001860
000004.SZ,20240308,93001860,771549,12.550000,500,48,66,771549,1,20240308093001860
000004.SZ,20240308,93001870,773001,13.400000,2700,48,66,773001,1,20240308093001870
000004.SZ,20240308,93001880,773427,13.380000,900,48,83,773427,2,20240308093001880
000004.SZ,20240308,93001910,775754,12.950000,1000,48,66,775754,1,20240308093001910
000004.SZ,20240308,93001930,777318,13.080000,4000,48,83,777318,2,20240308093001930
000004.SZ,20240308,93001950,778348,13.010000,2000,48,66,778348,1,20240308093001950
000004.SZ,20240308,93001950,778517,13.810000,800,48,83,778517,2,20240308093001950
000004.SZ,20240308,93001950,778631,13.580000,1100,48,83,778631,2,20240308093001950
000004.SZ,20240308,93001960,779597,13.110000,8800,48,66,779597,1,20240308093001960
000004.SZ,20240308,93001960,778999,14.260000,600,48,83,778999,2,20240308093001960
000004.SZ,20240308,93001960,779068,12.970000,1000,48,66,779068,1,20240308093001960
000004.SZ,20240308,93001970,779658,13.110000,13300,48,66,779658,1,20240308093001970
000004.SZ,20240308,93001970,780347,13.110000,100,48,66,780347,1,20240308093001970
000004.SZ,20240308,93001990,781765,13.070000,1400,48,83,781765,2,20240308093001990
000004.SZ,20240308,93002000,782406,13.110000,400,48,66,782406,1,20240308093002000
000004.SZ,20240308,93002010,783039,13.030000,500,48,66,783039,1,20240308093002010
000004.SZ,20240308,93002010,783148,12.850000,400,48,66,783148,1,20240308093002010
000004.SZ,20240308,93002020,783697,13.290000,100,48,83,783697,2,20240308093002020
000004.SZ,20240308,93002020,783917,13.080000,200,48,66,783917,1,20240308093002020
000004.SZ,20240308,93002020,783939,12.810000,6800,48,66,783939,1,20240308093002020
000004.SZ,20240308,93002030,784136,12.780000,1000,48,66,784136,1,20240308093002030
000004.SZ,20240308,93002030,784650,12.550000,800,48,66,784650,1,20240308093002030
000004.SZ,20240308,93002030,784727,13.210000,1800,48,66,784727,1,20240308093002030
000004.SZ,20240308,93002040,785076,13.100000,2000,48,66,785076,1,20240308093002040
000004.SZ,20240308,93002040,785215,14.390000,700,48,83,785215,2,20240308093002040
000004.SZ,20240308,93002050,785718,13.890000,1600,48,83,785718,2,20240308093002050
000004.SZ,20240308,93002050,785932,12.930000,2100,48,66,785932,1,20240308093002050
000004.SZ,20240308,93002060,787084,13.080000,3700,48,83,787084,2,20240308093002060
000004.SZ,20240308,93002060,786323,13.090000,800,48,83,786323,2,20240308093002060
000004.SZ,20240308,93002090,788754,13.840000,800,48,83,788754,2,20240308093002090
000004.SZ,20240308,93002090,788801,12.500000,300,48,66,788801,1,20240308093002090
000004.SZ,20240308,93002090,788900,13.000000,2000,48,66,788900,1,20240308093002090
000004.SZ,20240308,93002090,788427,13.900000,1700,48,83,788427,2,20240308093002090
000004.SZ,20240308,93002120,790701,13.590000,200,48,83,790701,2,20240308093002120
000004.SZ,20240308,93002130,791308,13.960000,1300,48,83,791308,2,20240308093002130
000004.SZ,20240308,93002170,793258,11.800000,2000,48,66,793258,1,20240308093002170
000004.SZ,20240308,93002180,794030,13.110000,200,48,66,794030,1,20240308093002180
000004.SZ,20240308,93002180,794072,12.500000,500,48,66,794072,1,20240308093002180
000004.SZ,20240308,93002190,794154,13.000000,200,48,66,794154,1,20240308093002190
000004.SZ,20240308,93002190,794258,14.000000,900,48,83,794258,2,20240308093002190
000004.SZ,20240308,93002220,795922,14.400000,500,48,83,795922,2,20240308093002220
000004.SZ,20240308,93002220,796016,14.000000,100,48,83,796016,2,20240308093002220
000004.SZ,20240308,93002230,796244,12.660000,100,48,66,796244,1,20240308093002230
000004.SZ,20240308,93002230,796567,13.110000,200,48,66,796567,1,20240308093002230
000004.SZ,20240308,93002260,797737,13.300000,300,48,83,797737,2,20240308093002260
000004.SZ,20240308,93002260,797756,12.960000,300,48,66,797756,1,20240308093002260
000004.SZ,20240308,93002280,798921,13.150000,500,48,66,798921,1,20240308093002280
000004.SZ,20240308,93002310,800838,12.880000,100,48,66,800838,1,20240308093002310
000004.SZ,20240308,93002340,802619,13.090000,600,48,83,802619,2,20240308093002340
000004.SZ,20240308,93002340,802676,13.110000,1000,48,66,802676,1,20240308093002340
000004.SZ,20240308,93002350,803392,12.910000,3000,48,66,803392,1,20240308093002350
000004.SZ,20240308,93002350,803707,12.910000,600,48,66,803707,1,20240308093002350
000004.SZ,20240308,93002350,803245,13.490000,400,48,83,803245,2,20240308093002350
000004.SZ,20240308,93002360,804026,13.800000,2000,48,83,804026,2,20240308093002360
000004.SZ,20240308,93002370,804835,14.420000,900,48,83,804835,2,20240308093002370
000004.SZ,20240308,93002400,806427,13.110000,500,48,66,806427,1,20240308093002400
000004.SZ,20240308,93002420,807067,13.200000,100,48,83,807067,2,20240308093002420
000004.SZ,20240308,93002450,808338,13.050000,1000,48,66,808338,1,20240308093002450
000004.SZ,20240308,93002450,808476,14.000000,3000,48,83,808476,2,20240308093002450
000004.SZ,20240308,93002510,811501,13.090000,1000,48,83,811501,2,20240308093002510
000004.SZ,20240308,93002550,813216,12.900000,500,48,66,813216,1,20240308093002550
000004.SZ,20240308,93002570,814200,13.850000,1500,48,83,814200,2,20240308093002570
000004.SZ,20240308,93002660,818420,14.400000,2900,48,83,818420,2,20240308093002660
000004.SZ,20240308,93002710,820320,13.900000,2800,48,83,820320,2,20240308093002710
000004.SZ,20240308,93002720,821144,13.290000,300,48,83,821144,2,20240308093002720
000004.SZ,20240308,93002730,821390,13.010000,300,48,66,821390,1,20240308093002730
000004.SZ,20240308,93002750,821882,13.500000,300,48,83,821882,2,20240308093002750
000004.SZ,20240308,93002760,822510,13.880000,600,48,83,822510,2,20240308093002760
000004.SZ,20240308,93002770,823171,13.080000,2900,48,66,823171,1,20240308093002770
000004.SZ,20240308,93002780,824037,13.110000,1500,48,83,824037,2,20240308093002780
000004.SZ,20240308,93002780,824225,13.290000,300,48,83,824225,2,20240308093002780
000004.SZ,20240308,93002790,824926,13.100000,300,48,83,824926,2,20240308093002790
000004.SZ,20240308,93002800,825543,13.560000,1000,48,83,825543,2,20240308093002800
000004.SZ,20240308,93002840,827495,13.500000,3000,48,83,827495,2,20240308093002840
000004.SZ,20240308,93002840,827804,13.090000,5800,48,83,827804,2,20240308093002840
000004.SZ,20240308,93002850,827964,12.000000,100,48,66,827964,1,20240308093002850
000004.SZ,20240308,93002870,829405,13.970000,700,48,83,829405,2,20240308093002870
000004.SZ,20240308,93002890,830270,13.280000,2500,48,83,830270,2,20240308093002890
000004.SZ,20240308,93002910,831864,13.110000,100,48,66,831864,1,20240308093002910
000004.SZ,20240308,93002920,832462,13.060000,3700,48,66,832462,1,20240308093002920
000004.SZ,20240308,93002930,832609,12.550000,1000,48,66,832609,1,20240308093002930
000004.SZ,20240308,93002930,832622,12.550000,1000,48,66,832622,1,20240308093002930
000004.SZ,20240308,93002930,832962,13.570000,200,48,83,832962,2,20240308093002930
000004.SZ,20240308,93002930,833105,12.830000,400,48,66,833105,1,20240308093002930
000004.SZ,20240308,93002970,835085,12.300000,100,48,66,835085,1,20240308093002970
000004.SZ,20240308,93003010,837456,14.130000,1000,48,83,837456,2,20240308093003010
000004.SZ,20240308,93003020,838060,13.100000,300,48,83,838060,2,20240308093003020
000004.SZ,20240308,93003030,839230,12.550000,100,48,66,839230,1,20240308093003030
000004.SZ,20240308,93003030,839867,13.090000,600,48,83,839867,2,20240308093003030
000004.SZ,20240308,93003060,841762,12.000000,1000,48,66,841762,1,20240308093003060
000004.SZ,20240308,93003100,844061,13.090000,200,48,83,844061,2,20240308093003100
000004.SZ,20240308,93003120,844887,13.110000,1700,48,66,844887,1,20240308093003120
000004.SZ,20240308,93003140,845721,13.110000,100,48,66,845721,1,20240308093003140
000004.SZ,20240308,93003150,845798,11.800000,100,48,66,845798,1,20240308093003150
000004.SZ,20240308,93003170,846241,12.550000,400,48,66,846241,1,20240308093003170
000004.SZ,20240308,93003210,847533,13.880000,2600,48,83,847533,2,20240308093003210
000004.SZ,20240308,93003230,848176,13.040000,100,48,66,848176,1,20240308093003230
000004.SZ,20240308,93003270,850834,12.700000,400,48,66,850834,1,20240308093003270
000004.SZ,20240308,93003280,850983,13.190000,200,48,83,850983,2,20240308093003280
000004.SZ,20240308,93003290,851825,12.500000,300,48,66,851825,1,20240308093003290
000004.SZ,20240308,93003350,854349,13.110000,1000,48,66,854349,1,20240308093003350
000004.SZ,20240308,93003350,854470,13.090000,100,48,83,854470,2,20240308093003350
000004.SZ,20240308,93003420,856616,12.500000,400,48,66,856616,1,20240308093003420
000004.SZ,20240308,93003470,858613,13.110000,800,48,83,858613,2,20240308093003470
000004.SZ,20240308,93003480,858895,13.090000,1000,48,83,858895,2,20240308093003480
000004.SZ,20240308,93003530,861785,14.420000,3900,48,83,861785,2,20240308093003530
000004.SZ,20240308,93003540,862199,13.350000,400,48,66,862199,1,20240308093003540
000004.SZ,20240308,93003540,862264,13.650000,300,48,83,862264,2,20240308093003540
000004.SZ,20240308,93003550,862548,13.110000,200,48,66,862548,1,20240308093003550
000004.SZ,20240308,93003550,862556,13.150000,3800,48,66,862556,1,20240308093003550
000004.SZ,20240308,93003550,862959,13.450000,1800,48,83,862959,2,20240308093003550
000004.SZ,20240308,93003580,864629,14.420000,5000,48,83,864629,2,20240308093003580
000004.SZ,20240308,93003580,864117,13.090000,500,48,83,864117,2,20240308093003580
000004.SZ,20240308,93003590,864766,13.210000,2900,48,83,864766,2,20240308093003590
000004.SZ,20240308,93003600,865537,13.090000,1000,48,83,865537,2,20240308093003600
000004.SZ,20240308,93003700,868949,13.500000,2000,48,83,868949,2,20240308093003700
000004.SZ,20240308,93003740,870259,13.540000,500,48,83,870259,2,20240308093003740
000004.SZ,20240308,93003740,870428,13.070000,900,48,83,870428,2,20240308093003740
000004.SZ,20240308,93003740,870472,13.510000,800,48,83,870472,2,20240308093003740
000004.SZ,20240308,93003750,870727,13.860000,500,48,83,870727,2,20240308093003750
000004.SZ,20240308,93003760,870959,13.800000,400,48,83,870959,2,20240308093003760
000004.SZ,20240308,93003810,873397,12.950000,100,48,66,873397,1,20240308093003810
000004.SZ,20240308,93003810,873568,13.110000,2200,48,66,873568,1,20240308093003810
000004.SZ,20240308,93003830,874079,13.800000,100,48,83,874079,2,20240308093003830
000004.SZ,20240308,93003830,874318,13.090000,3800,48,66,874318,1,20240308093003830
000004.SZ,20240308,93003840,874461,13.120000,2200,48,66,874461,1,20240308093003840
000004.SZ,20240308,93003920,877630,13.110000,200,48,66,877630,1,20240308093003920
000004.SZ,20240308,93003960,878972,13.090000,6000,48,83,878972,2,20240308093003960
000004.SZ,20240308,93004020,881957,12.930000,2000,48,66,881957,1,20240308093004020
000004.SZ,20240308,93004080,884531,14.420000,200,48,83,884531,2,20240308093004080
000004.SZ,20240308,93004120,886281,13.220000,1000,48,66,886281,1,20240308093004120
000004.SZ,20240308,93004140,886738,12.800000,300,48,66,886738,1,20240308093004140
000004.SZ,20240308,93004160,887477,13.040000,400,48,66,887477,1,20240308093004160
000004.SZ,20240308,93004230,890019,14.420000,1000,48,83,890019,2,20240308093004230
000004.SZ,20240308,93004290,892103,14.410000,800,48,83,892103,2,20240308093004290
000004.SZ,20240308,93004320,893823,13.700000,500,48,83,893823,2,20240308093004320
000004.SZ,20240308,93004330,894043,13.190000,7500,48,83,894043,2,20240308093004330
000004.SZ,20240308,93004330,894086,13.190000,2300,48,83,894086,2,20240308093004330
000004.SZ,20240308,93004330,894091,13.190000,3100,48,83,894091,2,20240308093004330
000004.SZ,20240308,93004330,894093,13.190000,2400,48,83,894093,2,20240308093004330
000004.SZ,20240308,93004330,894161,13.190000,7500,48,83,894161,2,20240308093004330
000004.SZ,20240308,93004330,894187,13.190000,2900,48,83,894187,2,20240308093004330
000004.SZ,20240308,93004330,894421,12.750000,400,48,66,894421,1,20240308093004330
000004.SZ,20240308,93004340,894759,13.190000,3700,48,83,894759,2,20240308093004340
000004.SZ,20240308,93004350,895121,12.660000,4100,48,66,895121,1,20240308093004350
000004.SZ,20240308,93004360,895507,13.190000,4500,48,83,895507,2,20240308093004360
000004.SZ,20240308,93004370,896003,12.550000,5000,48,66,896003,1,20240308093004370
000004.SZ,20240308,93004370,896083,13.190000,4800,48,83,896083,2,20240308093004370
000004.SZ,20240308,93004400,896568,13.190000,4100,48,83,896568,2,20240308093004400
000004.SZ,20240308,93004400,896500,12.550000,2000,48,66,896500,1,20240308093004400
000004.SZ,20240308,93004410,896906,13.190000,6600,48,83,896906,2,20240308093004410
000004.SZ,20240308,93004470,899271,13.190000,3800,48,83,899271,2,20240308093004470
000004.SZ,20240308,93004490,899927,13.000000,200,48,83,899927,2,20240308093004490
000004.SZ,20240308,93004510,900695,13.090000,500,48,83,900695,2,20240308093004510
000004.SZ,20240308,93004520,901018,13.190000,4400,48,83,901018,2,20240308093004520
000004.SZ,20240308,93004530,901393,13.120000,400,48,66,901393,1,20240308093004530
000004.SZ,20240308,93004540,901645,13.880000,1000,48,83,901645,2,20240308093004540
000004.SZ,20240308,93004690,905912,12.550000,2700,48,66,905912,1,20240308093004690
000004.SZ,20240308,93004730,906841,12.550000,2000,48,66,906841,1,20240308093004730
000004.SZ,20240308,93004760,907515,13.160000,300,48,66,907515,1,20240308093004760
000004.SZ,20240308,93004770,907788,13.080000,500,48,66,907788,1,20240308093004770
000004.SZ,20240308,93004770,907921,13.090000,1000,48,83,907921,2,20240308093004770
000004.SZ,20240308,93004780,908334,13.120000,100,48,66,908334,1,20240308093004780
000004.SZ,20240308,93004820,909776,13.110000,400,48,66,909776,1,20240308093004820
000004.SZ,20240308,93004830,910412,13.300000,100,48,66,910412,1,20240308093004830
000004.SZ,20240308,93004890,912171,12.970000,200,48,66,912171,1,20240308093004890
000004.SZ,20240308,93004910,912877,12.510000,200,48,66,912877,1,20240308093004910
000004.SZ,20240308,93004920,913341,13.600000,1600,48,83,913341,2,20240308093004920
000004.SZ,20240308,93004930,913544,13.010000,800,48,66,913544,1,20240308093004930
000004.SZ,20240308,93004960,914182,14.200000,2400,48,83,914182,2,20240308093004960
000004.SZ,20240308,93005010,915729,13.270000,15000,48,83,915729,2,20240308093005010
000004.SZ,20240308,93005020,916205,13.400000,800,48,83,916205,2,20240308093005020
000004.SZ,20240308,93005030,916533,13.090000,100,48,83,916533,2,20240308093005030
000004.SZ,20240308,93005060,917848,12.900000,200,48,66,917848,1,20240308093005060
000004.SZ,20240308,93005080,918336,14.420000,1000,48,83,918336,2,20240308093005080
000004.SZ,20240308,93005100,918795,13.110000,800,48,66,918795,1,20240308093005100
000004.SZ,20240308,93005190,920450,14.400000,18900,48,83,920450,2,20240308093005190
000004.SZ,20240308,93005270,921674,13.200000,5100,48,83,921674,2,20240308093005270
000004.SZ,20240308,93005370,923075,12.710000,1000,48,66,923075,1,20240308093005370
000004.SZ,20240308,93005480,924472,13.200000,1000,48,83,924472,2,20240308093005480
000004.SZ,20240308,93005490,924546,13.760000,400,48,83,924546,2,20240308093005490
000004.SZ,20240308,93005510,924730,13.110000,3000,48,66,924730,1,20240308093005510
000004.SZ,20240308,93005560,925773,13.150000,1000,48,83,925773,2,20240308093005560
000004.SZ,20240308,93005570,925946,13.490000,500,48,83,925946,2,20240308093005570
000004.SZ,20240308,93005570,925958,13.650000,400,48,83,925958,2,20240308093005570
000004.SZ,20240308,93005590,926260,13.350000,900,48,66,926260,1,20240308093005590
000004.SZ,20240308,93005790,929182,14.400000,300,48,83,929182,2,20240308093005790
000004.SZ,20240308,93005790,929200,13.040000,500,48,83,929200,2,20240308093005790
000004.SZ,20240308,93005910,930952,13.020000,500,48,66,930952,1,20240308093005910
000004.SZ,20240308,93005980,931630,13.110000,500,48,66,931630,1,20240308093005980
000004.SZ,20240308,93006010,932185,13.760000,800,48,83,932185,2,20240308093006010
000004.SZ,20240308,93006030,932677,12.950000,500,48,66,932677,1,20240308093006030
000004.SZ,20240308,93006040,932819,12.610000,1000,48,66,932819,1,20240308093006040
000004.SZ,20240308,93006110,933889,14.000000,100,48,83,933889,2,20240308093006110
000004.SZ,20240308,93006150,934594,11.800000,100,48,66,934594,1,20240308093006150
000004.SZ,20240308,93006260,935889,13.030000,1500,48,66,935889,1,20240308093006260
000004.SZ,20240308,93006330,937192,13.150000,16200,48,83,937192,2,20240308093006330
000004.SZ,20240308,93006340,937269,13.150000,13800,48,83,937269,2,20240308093006340
000004.SZ,20240308,93006340,937282,13.150000,17600,48,83,937282,2,20240308093006340
000004.SZ,20240308,93006380,937905,12.800000,1000,48,66,937905,1,20240308093006380
000004.SZ,20240308,93006450,939437,12.900000,1500,48,66,939437,1,20240308093006450
000004.SZ,20240308,93006510,940374,13.000000,200,48,83,940374,2,20240308093006510
000004.SZ,20240308,93006530,940660,13.140000,2300,48,83,940660,2,20240308093006530
000004.SZ,20240308,93006570,941484,13.140000,3800,48,83,941484,2,20240308093006570
000004.SZ,20240308,93006680,943543,13.070000,400,48,83,943543,2,20240308093006680
000004.SZ,20240308,93006760,944455,13.120000,100,48,66,944455,1,20240308093006760
000004.SZ,20240308,93006870,946070,13.110000,9100,48,66,946070,1,20240308093006870
000004.SZ,20240308,93006900,946406,12.630000,400,48,66,946406,1,20240308093006900
000004.SZ,20240308,93007010,947815,13.140000,2400,48,83,947815,2,20240308093007010
000004.SZ,20240308,93007010,947817,13.140000,13900,48,83,947817,2,20240308093007010
000004.SZ,20240308,93007010,947863,13.140000,7900,48,83,947863,2,20240308093007010
000004.SZ,20240308,93007010,947865,13.140000,3100,48,83,947865,2,20240308093007010
000004.SZ,20240308,93007010,947911,13.140000,4500,48,83,947911,2,20240308093007010
000004.SZ,20240308,93007020,947962,13.140000,3700,48,83,947962,2,20240308093007020
000004.SZ,20240308,93007030,948200,13.140000,4400,48,83,948200,2,20240308093007030
000004.SZ,20240308,93007040,948305,13.140000,6600,48,83,948305,2,20240308093007040
000004.SZ,20240308,93007060,948440,13.140000,4100,48,83,948440,2,20240308093007060
000004.SZ,20240308,93007080,948658,13.140000,4800,48,83,948658,2,20240308093007080
000004.SZ,20240308,93007120,949678,13.400000,1700,48,83,949678,2,20240308093007120
000004.SZ,20240308,93007450,955440,13.880000,200,48,83,955440,2,20240308093007450
000004.SZ,20240308,93007560,956552,13.140000,2900,48,83,956552,2,20240308093007560
000004.SZ,20240308,93007600,957108,13.880000,2000,48,83,957108,2,20240308093007600
000004.SZ,20240308,93007610,957288,12.880000,2500,48,66,957288,1,20240308093007610
000004.SZ,20240308,93007710,958419,13.300000,200,48,83,958419,2,20240308093007710
000004.SZ,20240308,93007820,959566,12.890000,4500,48,66,959566,1,20240308093007820
000004.SZ,20240308,93007830,959626,13.200000,3100,48,83,959626,2,20240308093007830
000004.SZ,20240308,93007880,960127,12.960000,600,48,83,960127,2,20240308093007880
000004.SZ,20240308,93007890,960182,13.150000,100,48,83,960182,2,20240308093007890
000004.SZ,20240308,93007900,960312,14.420000,100,48,83,960312,2,20240308093007900
000004.SZ,20240308,93008430,965991,13.110000,600,48,83,965991,2,20240308093008430
000004.SZ,20240308,93008430,965993,13.110000,600,48,83,965993,2,20240308093008430
000004.SZ,20240308,93008430,965995,13.110000,200,48,83,965995,2,20240308093008430
000004.SZ,20240308,93008460,966179,13.110000,100,48,83,966179,2,20240308093008460
000004.SZ,20240308,93008520,966706,13.110000,600,48,66,966706,1,20240308093008520
000004.SZ,20240308,93008680,967896,13.110000,2800,48,83,967896,2,20240308093008680
000004.SZ,20240308,93008810,968944,13.110000,500,48,83,968944,2,20240308093008810
000004.SZ,20240308,93008840,969090,13.110000,3000,48,83,969090,2,20240308093008840
000004.SZ,20240308,93008940,969959,13.120000,1000,48,66,969959,1,20240308093008940
000004.SZ,20240308,93009100,971641,13.100000,100,48,83,971641,2,20240308093009100
000004.SZ,20240308,93009150,972400,11.800000,100,48,66,972400,1,20240308093009150
000004.SZ,20240308,93009400,975117,14.370000,2000,48,83,975117,2,20240308093009400
000004.SZ,20240308,93009410,975266,13.200000,200,48,66,975266,1,20240308093009410
000004.SZ,20240308,93009560,977238,13.110000,800,48,83,977238,2,20240308093009560
000004.SZ,20240308,93009580,977642,13.000000,800,48,66,977642,1,20240308093009580
000004.SZ,20240308,93009610,977896,13.110000,100,48,66,977896,1,20240308093009610
000004.SZ,20240308,93009610,977977,12.450000,800,48,66,977977,1,20240308093009610
000004.SZ,20240308,93009830,980991,13.230000,800,48,66,980991,1,20240308093009830
000004.SZ,20240308,93010160,985455,12.630000,1000,48,66,985455,1,20240308093010160
000004.SZ,20240308,93010300,986980,13.120000,600,48,83,986980,2,20240308093010300
000004.SZ,20240308,93010630,991238,13.150000,100,48,83,991238,2,20240308093010630
000004.SZ,20240308,93011530,999347,13.100000,500,48,66,999347,1,20240308093011530
000004.SZ,20240308,93011930,1002334,13.130000,3400,48,83,1002334,2,20240308093011930
000004.SZ,20240308,93012150,1004695,11.800000,100,48,66,1004695,1,20240308093012150
000004.SZ,20240308,93012150,1004754,13.110000,8900,48,83,1004754,2,20240308093012150
000004.SZ,20240308,93012300,1006694,13.110000,200,48,83,1006694,2,20240308093012300
000004.SZ,20240308,93012350,1007310,13.120000,2900,48,83,1007310,2,20240308093012350
000004.SZ,20240308,93012370,1007481,13.110000,600,48,83,1007481,2,20240308093012370
000004.SZ,20240308,93012380,1007541,13.110000,3800,48,83,1007541,2,20240308093012380
000004.SZ,20240308,93012440,1008632,13.120000,100,48,83,1008632,2,20240308093012440
000004.SZ,20240308,93012560,1010416,13.110000,600,48,83,1010416,2,20240308093012560
000004.SZ,20240308,93012560,1010420,13.110000,600,48,83,1010420,2,20240308093012560
000004.SZ,20240308,93012570,1010438,13.120000,4400,48,83,1010438,2,20240308093012570
000004.SZ,20240308,93012570,1010453,13.110000,7900,48,83,1010453,2,20240308093012570
000004.SZ,20240308,93012570,1010565,13.120000,5500,48,83,1010565,2,20240308093012570
000004.SZ,20240308,93012580,1010671,13.110000,600,48,83,1010671,2,20240308093012580
000004.SZ,20240308,93012580,1010718,13.120000,4500,48,83,1010718,2,20240308093012580
000004.SZ,20240308,93012600,1011167,13.120000,5500,48,83,1011167,2,20240308093012600
000004.SZ,20240308,93012600,1011189,13.120000,3700,48,83,1011189,2,20240308093012600
000004.SZ,20240308,93012620,1011621,13.120000,4800,48,83,1011621,2,20240308093012620
000004.SZ,20240308,93012640,1011885,13.120000,4100,48,83,1011885,2,20240308093012640
000004.SZ,20240308,93012650,1011901,13.120000,600,48,83,1011901,2,20240308093012650
000004.SZ,20240308,93012720,1012665,12.660000,3800,48,66,1012665,1,20240308093012720
000004.SZ,20240308,93012720,1012578,13.110000,600,48,83,1012578,2,20240308093012720
000004.SZ,20240308,93012720,1012602,13.110000,600,48,83,1012602,2,20240308093012720
000004.SZ,20240308,93012780,1013427,13.120000,3000,48,66,1013427,1,20240308093012780
000004.SZ,20240308,93012810,1014079,13.190000,2000,48,83,1014079,2,20240308093012810
000004.SZ,20240308,93012840,1014349,13.110000,600,48,83,1014349,2,20240308093012840
000004.SZ,20240308,93012840,1014361,13.110000,600,48,83,1014361,2,20240308093012840
000004.SZ,20240308,93012850,1014381,13.150000,1000,48,66,1014381,1,20240308093012850
000004.SZ,20240308,93012950,1015400,13.110000,600,48,83,1015400,2,20240308093012950
000004.SZ,20240308,93012950,1015426,13.110000,600,48,83,1015426,2,20240308093012950
000004.SZ,20240308,93013050,1016460,13.110000,600,48,83,1016460,2,20240308093013050
000004.SZ,20240308,93013170,1018250,13.150000,1300,48,66,1018250,1,20240308093013170
000004.SZ,20240308,93013780,1027571,13.110000,2300,48,83,1027571,2,20240308093013780
000004.SZ,20240308,93013960,1029768,13.140000,800,48,66,1029768,1,20240308093013960
000004.SZ,20240308,93014030,1030611,13.130000,6900,48,83,1030611,2,20240308093014030
000004.SZ,20240308,93014450,1035849,13.120000,700,48,66,1035849,1,20240308093014450
000004.SZ,20240308,93014490,1036561,13.110000,1800,48,83,1036561,2,20240308093014490
000004.SZ,20240308,93014520,1037010,13.110000,2700,48,83,1037010,2,20240308093014520
000004.SZ,20240308,93014530,1037143,13.110000,2700,48,83,1037143,2,20240308093014530
000004.SZ,20240308,93014560,1037497,13.110000,2700,48,83,1037497,2,20240308093014560
000004.SZ,20240308,93014570,1037541,13.110000,1800,48,83,1037541,2,20240308093014570
000004.SZ,20240308,93014650,1038728,13.110000,3200,48,83,1038728,2,20240308093014650
000004.SZ,20240308,93014680,1039088,13.110000,3200,48,83,1039088,2,20240308093014680
000004.SZ,20240308,93014680,1039114,13.110000,3200,48,83,1039114,2,20240308093014680
000004.SZ,20240308,93014710,1039436,13.110000,1500,48,83,1039436,2,20240308093014710
000004.SZ,20240308,93014880,1041730,13.160000,100,48,66,1041730,1,20240308093014880
000004.SZ,20240308,93014990,1043029,13.120000,200,48,66,1043029,1,20240308093014990
000004.SZ,20240308,93015150,1045676,11.800000,100,48,66,1045676,1,20240308093015150
000004.SZ,20240308,93015530,1053514,13.110000,600,48,66,1053514,1,20240308093015530
000004.SZ,20240308,93015650,1055787,13.150000,2900,48,66,1055787,1,20240308093015650
000004.SZ,20240308,93016380,1069504,13.230000,200,48,83,1069504,2,20240308093016380
000004.SZ,20240308,93016440,1070517,13.130000,5000,48,83,1070517,2,20240308093016440
000004.SZ,20240308,93016500,1071678,13.110000,100,48,83,1071678,2,20240308093016500
000004.SZ,20240308,93016680,1074554,13.120000,100,48,66,1074554,1,20240308093016680
000004.SZ,20240308,93016810,1075846,13.100000,7400,48,66,1075846,1,20240308093016810
000004.SZ,20240308,93017130,1079705,13.120000,1700,48,66,1079705,1,20240308093017130
000004.SZ,20240308,93017420,1083119,13.110000,500,48,83,1083119,2,20240308093017420
000004.SZ,20240308,93018050,1091143,13.800000,500,48,83,1091143,2,20240308093018050
000004.SZ,20240308,93018150,1092472,11.800000,100,48,66,1092472,1,20240308093018150
000004.SZ,20240308,93018160,1092599,13.080000,8300,48,83,1092599,2,20240308093018160
000004.SZ,20240308,93018200,1093223,13.110000,300,48,83,1093223,2,20240308093018200
000004.SZ,20240308,93018280,1094298,13.050000,4500,48,83,1094298,2,20240308093018280
000004.SZ,20240308,93018420,1096415,13.100000,2000,48,66,1096415,1,20240308093018420
000004.SZ,20240308,93018440,1096623,13.120000,3100,48,66,1096623,1,20240308093018440
000004.SZ,20240308,93018510,1097684,13.490000,200,48,83,1097684,2,20240308093018510
000004.SZ,20240308,93018520,1097766,13.100000,100,48,83,1097766,2,20240308093018520
000004.SZ,20240308,93018560,1098383,13.110000,100,48,83,1098383,2,20240308093018560
000004.SZ,20240308,93018740,1100884,13.200000,1100,48,83,1100884,2,20240308093018740
000004.SZ,20240308,93019670,1112457,13.110000,200,48,66,1112457,1,20240308093019670
000004.SZ,20240308,93020060,1117152,13.500000,800,48,83,1117152,2,20240308093020060
000004.SZ,20240308,93020070,1117279,13.110000,3000,48,66,1117279,1,20240308093020070
000004.SZ,20240308,93020630,1124118,13.970000,15700,48,83,1124118,2,20240308093020630
000004.SZ,20240308,93020640,1124188,13.100000,200,48,83,1124188,2,20240308093020640
000004.SZ,20240308,93020700,1125058,13.100000,20300,48,83,1125058,2,20240308093020700
000004.SZ,20240308,93020800,1126170,13.090000,100,48,83,1126170,2,20240308093020800
