symbol,action_day,trading_day,time,status,prev_close,open,high,low,close,ask_price_1,ask_price_2,ask_price_3,ask_price_4,ask_price_5,ask_price_6,ask_price_7,ask_price_8,ask_price_9,ask_price_10,ask_volume_1,ask_volume_2,ask_volume_3,ask_volume_4,ask_volume_5,ask_volume_6,ask_volume_7,ask_volume_8,ask_volume_9,ask_volume_10,bid_price_1,bid_price_2,bid_price_3,bid_price_4,bid_price_5,bid_price_6,bid_price_7,bid_price_8,bid_price_9,bid_price_10,bid_volume_1,bid_volume_2,bid_volume_3,bid_volume_4,bid_volume_5,bid_volume_6,bid_volume_7,bid_volume_8,bid_volume_9,bid_volume_10,num_trades,volume,turnover,total_bid_volume,total_ask_volume,weighted_avg_bid_price,weighted_avg_ask_price,iopv,yield_to_maturity,limit_up,limit_down,prefix,syl1,syl2,sd2,trade_flag,after_price,after_volume,after_turnover,after_match_items,datetime
000004.SZ,20240308,20240308,91012000,83,13.110000,0.000000,0.000000,0.000000,0.000000,0.000000,0.000000,0.000000,0.000000,0.000000,0.000000,0.000000,0.000000,0.000000,0.000000,0,0,0,0,0,0,0,0,0,0,0.000000,0.000000,0.000000,0.000000,0.000000,0.000000,0.000000,0.000000,0.000000,0.000000,0,0,0,0,0,0,0,0,0,0,0,0,0,0,0,0.000000,0.000000,0,0,14.420000,11.800000,"",0,0,0,0,0.000000,0,0,0,20240308091012000
000004.SZ,20240308,20240308,91112000,83,13.110000,0.000000,0.000000,0.000000,0.000000,0.000000,0.000000,0.000000,0.000000,0.000000,0.000000,0.000000,0.000000,0.000000,0.000000,0,0,0,0,0,0,0,0,0,0,0.000000,0.000000,0.000000,0.000000,0.000000,0.000000,0.000000,0.000000,0.000000,0.000000,0,0,0,0,0,0,0,0,0,0,0,0,0,0,0,0.000000,0.000000,0,0,14.420000,11.800000,"",0,0,0,0,0.000000,0,0,0,20240308091112000
000004.SZ,20240308,20240308,91212000,83,13.110000,0.000000,0.000000,0.000000,0.000000,0.000000,0.000000,0.000000,0.000000,0.000000,0.000000,0.000000,0.000000,0.000000,0.000000,0,0,0,0,0,0,0,0,0,0,0.000000,0.000000,0.000000,0.000000,0.000000,0.000000,0.000000,0.000000,0.000000,0.000000,0,0,0,0,0,0,0,0,0,0,0,0,0,0,0,0.000000,0.000000,0,0,14.420000,11.800000,"",0,0,0,0,0.000000,0,0,0,20240308091212000
000004.SZ,20240308,20240308,91312000,83,13.110000,0.000000,0.000000,0.000000,0.000000,0.000000,0.000000,0.000000,0.000000,0.000000,0.000000,0.000000,0.000000,0.000000,0.000000,0,0,0,0,0,0,0,0,0,0,0.000000,0.000000,0.000000,0.000000,0.000000,0.000000,0.000000,0.000000,0.000000,0.000000,0,0,0,0,0,0,0,0,0,0,0,0,0,0,0,0.000000,0.000000,0,0,14.420000,11.800000,"",0,0,0,0,0.000000,0,0,0,20240308091312000
000004.SZ,20240308,20240308,91412000,83,13.110000,0.000000,0.000000,0.000000,0.000000,0.000000,0.000000,0.000000,0.000000,0.000000,0.000000,0.000000,0.000000,0.000000,0.000000,0,0,0,0,0,0,0,0,0,0,0.000000,0.000000,0.000000,0.000000,0.000000,0.000000,0.000000,0.000000,0.000000,0.000000,0,0,0,0,0,0,0,0,0,0,0,0,0,0,0,0.000000,0.000000,0,0,14.420000,11.800000,"",0,0,0,0,0.000000,0,0,0,20240308091412000
000004.SZ,20240308,20240308,91500000,79,13.110000,0.000000,0.000000,0.000000,0.000000,12.380000,0.000000,0.000000,0.000000,0.000000,0.000000,0.000000,0.000000,0.000000,0.000000,46000,0,0,0,0,0,0,0,0,0,12.380000,0.000000,0.000000,0.000000,0.000000,0.000000,0.000000,0.000000,0.000000,0.000000,46000,2800,0,0,0,0,0,0,0,0,0,0,0,0,0,0.000000,0.000000,0,0,14.420000,11.800000,"",0,0,0,0,0.000000,0,0,0,20240308091500000
000004.SZ,20240308,20240308,91509000,79,13.110000,0.000000,0.000000,0.000000,0.000000,12.990000,0.000000,0.000000,0.000000,0.000000,0.000000,0.000000,0.000000,0.000000,0.000000,49600,0,0,0,0,0,0,0,0,0,12.990000,0.000000,0.000000,0.000000,0.000000,0.000000,0.000000,0.000000,0.000000,0.000000,49600,1700,0,0,0,0,0,0,0,0,0,0,0,0,0,0.000000,0.000000,0,0,14.420000,11.800000,"",0,0,0,0,0.000000,0,0,0,20240308091509000
000004.SZ,20240308,20240308,91536000,79,13.110000,0.000000,0.000000,0.000000,0.000000,12.990000,0.000000,0.000000,0.000000,0.000000,0.000000,0.000000,0.000000,0.000000,0.000000,44400,0,0,0,0,0,0,0,0,0,12.990000,0.000000,0.000000,0.000000,0.000000,0.000000,0.000000,0.000000,0.000000,0.000000,44400,6900,0,0,0,0,0,0,0,0,0,0,0,0,0,0.000000,0.000000,0,0,14.420000,11.800000,"",0,0,0,0,0.000000,0,0,0,20240308091536000
000004.SZ,20240308,20240308,91545000,79,13.110000,0.000000,0.000000,0.000000,0.000000,12.990000,0.000000,0.000000,0.000000,0.000000,0.000000,0.000000,0.000000,0.000000,0.000000,42700,0,0,0,0,0,0,0,0,0,12.990000,0.000000,0.000000,0.000000,0.000000,0.000000,0.000000,0.000000,0.000000,0.000000,42700,8500,0,0,0,0,0,0,0,0,0,0,0,0,0,0.000000,0.000000,0,0,14.420000,11.800000,"",0,0,0,0,0.000000,0,0,0,20240308091545000
000004.SZ,20240308,20240308,91621000,79,13.110000,0.000000,0.000000,0.000000,0.000000,12.990000,0.000000,0.000000,0.000000,0.000000,0.000000,0.000000,0.000000,0.000000,0.000000,42900,0,0,0,0,0,0,0,0,0,12.990000,0.000000,0.000000,0.000000,0.000000,0.000000,0.000000,0.000000,0.000000,0.000000,42900,8300,0,0,0,0,0,0,0,0,0,0,0,0,0,0.000000,0.000000,0,0,14.420000,11.800000,"",0,0,0,0,0.000000,0,0,0,20240308091621000
000004.SZ,20240308,20240308,91648000,79,13.110000,0.000000,0.000000,0.000000,0.000000,12.990000,0.000000,0.000000,0.000000,0.000000,0.000000,0.000000,0.000000,0.000000,0.000000,46400,0,0,0,0,0,0,0,0,0,12.990000,0.000000,0.000000,0.000000,0.000000,0.000000,0.000000,0.000000,0.000000,0.000000,46400,5200,0,0,0,0,0,0,0,0,0,0,0,0,0,0.000000,0.000000,0,0,14.420000,11.800000,"",0,0,0,0,0.000000,0,0,0,20240308091648000
000004.SZ,20240308,20240308,91733000,79,13.110000,0.000000,0.000000,0.000000,0.000000,12.950000,0.000000,0.000000,0.000000,0.000000,0.000000,0.000000,0.000000,0.000000,0.000000,54100,0,0,0,0,0,0,0,0,0,12.950000,0.000000,0.000000,0.000000,0.000000,0.000000,0.000000,0.000000,0.000000,0.000000,54100,7500,0,0,0,0,0,0,0,0,0,0,0,0,0,0.000000,0.000000,0,0,14.420000,11.800000,"",0,0,0,0,0.000000,0,0,0,20240308091733000
000004.SZ,20240308,20240308,91751000,79,13.110000,0.000000,0.000000,0.000000,0.000000,12.950000,0.000000,0.000000,0.000000,0.000000,0.000000,0.000000,0.000000,0.000000,0.000000,54100,0,0,0,0,0,0,0,0,0,12.950000,0.000000,0.000000,0.000000,0.000000,0.000000,0.000000,0.000000,0.000000,0.000000,54100,7600,0,0,0,0,0,0,0,0,0,0,0,0,0,0.000000,0.000000,0,0,14.420000,11.800000,"",0,0,0,0,0.000000,0,0,0,20240308091751000
000004.SZ,20240308,20240308,91809000,79,13.110000,0.000000,0.000000,0.000000,0.000000,13.100000,0.000000,0.000000,0.000000,0.000000,0.000000,0.000000,0.000000,0.000000,0.000000,24400,0,0,0,0,0,0,0,0,0,13.100000,0.000000,0.000000,0.000000,0.000000,0.000000,0.000000,0.000000,0.000000,0.000000,24400,0,0,0,0,0,0,0,0,0,0,0,0,0,0,0.000000,0.000000,0,0,14.420000,11.800000,"",0,0,0,0,0.000000,0,0,0,20240308091809000
000004.SZ,20240308,20240308,91845000,79,13.110000,0.000000,0.000000,0.000000,0.000000,13.110000,0.000000,0.000000,0.000000,0.000000,0.000000,0.000000,0.000000,0.000000,0.000000,26300,0,0,0,0,0,0,0,0,0,13.110000,0.000000,0.000000,0.000000,0.000000,0.000000,0.000000,0.000000,0.000000,0.000000,26300,8100,0,0,0,0,0,0,0,0,0,0,0,0,0,0.000000,0.000000,0,0,14.420000,11.800000,"",0,0,0,0,0.000000,0,0,0,20240308091845000
000004.SZ,20240308,20240308,91921000,79,13.110000,0.000000,0.000000,0.000000,0.000000,13.110000,0.000000,0.000000,0.000000,0.000000,0.000000,0.000000,0.000000,0.000000,0.000000,31800,0,0,0,0,0,0,0,0,0,13.110000,0.000000,0.000000,0.000000,0.000000,0.000000,0.000000,0.000000,0.000000,0.000000,31800,2600,0,0,0,0,0,0,0,0,0,0,0,0,0,0.000000,0.000000,0,0,14.420000,11.800000,"",0,0,0,0,0.000000,0,0,0,20240308091921000
000004.SZ,20240308,20240308,91939000,79,13.110000,0.000000,0.000000,0.000000,0.000000,13.110000,0.000000,0.000000,0.000000,0.000000,0.000000,0.000000,0.000000,0.000000,0.000000,34400,8200,0,0,0,0,0,0,0,0,13.110000,0.000000,0.000000,0.000000,0.000000,0.000000,0.000000,0.000000,0.000000,0.000000,34400,0,0,0,0,0,0,0,0,0,0,0,0,0,0,0.000000,0.000000,0,0,14.420000,11.800000,"",0,0,0,0,0.000000,0,0,0,20240308091939000
000004.SZ,20240308,20240308,91948000,79,13.110000,0.000000,0.000000,0.000000,0.000000,13.110000,0.000000,0.000000,0.000000,0.000000,0.000000,0.000000,0.000000,0.000000,0.000000,35900,6700,0,0,0,0,0,0,0,0,13.110000,0.000000,0.000000,0.000000,0.000000,0.000000,0.000000,0.000000,0.000000,0.000000,35900,0,0,0,0,0,0,0,0,0,0,0,0,0,0,0.000000,0.000000,0,0,14.420000,11.800000,"",0,0,0,0,0.000000,0,0,0,20240308091948000
000004.SZ,20240308,20240308,92000000,79,13.110000,0.000000,0.000000,0.000000,0.000000,13.110000,0.000000,0.000000,0.000000,0.000000,0.000000,0.000000,0.000000,0.000000,0.000000,35900,7300,0,0,0,0,0,0,0,0,13.110000,0.000000,0.000000,0.000000,0.000000,0.000000,0.000000,0.000000,0.000000,0.000000,35900,0,0,0,0,0,0,0,0,0,0,0,0,0,0,0.000000,0.000000,0,0,14.420000,11.800000,"",0,0,0,0,0.000000,0,0,0,20240308092000000
000004.SZ,20240308,20240308,92009000,79,13.110000,0.000000,0.000000,0.000000,0.000000,13.110000,0.000000,0.000000,0.000000,0.000000,0.000000,0.000000,0.000000,0.000000,0.000000,35900,8400,0,0,0,0,0,0,0,0,13.110000,0.000000,0.000000,0.000000,0.000000,0.000000,0.000000,0.000000,0.000000,0.000000,35900,0,0,0,0,0,0,0,0,0,0,0,0,0,0,0.000000,0.000000,0,0,14.420000,11.800000,"",0,0,0,0,0.000000,0,0,0,20240308092009000
000004.SZ,20240308,20240308,92018000,79,13.110000,0.000000,0.000000,0.000000,0.000000,13.110000,0.000000,0.000000,0.000000,0.000000,0.000000,0.000000,0.000000,0.000000,0.000000,36200,8100,0,0,0,0,0,0,0,0,13.110000,0.000000,0.000000,0.000000,0.000000,0.000000,0.000000,0.000000,0.000000,0.000000,36200,0,0,0,0,0,0,0,0,0,0,0,0,0,0,0.000000,0.000000,0,0,14.420000,11.800000,"",0,0,0,0,0.000000,0,0,0,20240308092018000
000004.SZ,20240308,20240308,92027000,79,13.110000,0.000000,0.000000,0.000000,0.000000,13.110000,0.000000,0.000000,0.000000,0.000000,0.000000,0.000000,0.000000,0.000000,0.000000,36200,20600,0,0,0,0,0,0,0,0,13.110000,0.000000,0.000000,0.000000,0.000000,0.000000,0.000000,0.000000,0.000000,0.000000,36200,0,0,0,0,0,0,0,0,0,0,0,0,0,0,0.000000,0.000000,0,0,14.420000,11.800000,"",0,0,0,0,0.000000,0,0,0,20240308092027000
000004.SZ,20240308,20240308,92036000,79,13.110000,0.000000,0.000000,0.000000,0.000000,13.110000,0.000000,0.000000,0.000000,0.000000,0.000000,0.000000,0.000000,0.000000,0.000000,42000,14800,0,0,0,0,0,0,0,0,13.110000,0.000000,0.000000,0.000000,0.000000,0.000000,0.000000,0.000000,0.000000,0.000000,42000,0,0,0,0,0,0,0,0,0,0,0,0,0,0,0.000000,0.000000,0,0,14.420000,11.800000,"",0,0,0,0,0.000000,0,0,0,20240308092036000
000004.SZ,20240308,20240308,92054000,79,13.110000,0.000000,0.000000,0.000000,0.000000,13.110000,0.000000,0.000000,0.000000,0.000000,0.000000,0.000000,0.000000,0.000000,0.000000,44200,12600,0,0,0,0,0,0,0,0,13.110000,0.000000,0.000000,0.000000,0.000000,0.000000,0.000000,0.000000,0.000000,0.000000,44200,0,0,0,0,0,0,0,0,0,0,0,0,0,0,0.000000,0.000000,0,0,14.420000,11.800000,"",0,0,0,0,0.000000,0,0,0,20240308092054000
000004.SZ,20240308,20240308,92103000,79,13.110000,0.000000,0.000000,0.000000,0.000000,13.110000,0.000000,0.000000,0.000000,0.000000,0.000000,0.000000,0.000000,0.000000,0.000000,45100,11700,0,0,0,0,0,0,0,0,13.110000,0.000000,0.000000,0.000000,0.000000,0.000000,0.000000,0.000000,0.000000,0.000000,45100,0,0,0,0,0,0,0,0,0,0,0,0,0,0,0.000000,0.000000,0,0,14.420000,11.800000,"",0,0,0,0,0.000000,0,0,0,20240308092103000
000004.SZ,20240308,20240308,92121000,79,13.110000,0.000000,0.000000,0.000000,0.000000,13.110000,0.000000,0.000000,0.000000,0.000000,0.000000,0.000000,0.000000,0.000000,0.000000,45200,11600,0,0,0,0,0,0,0,0,13.110000,0.000000,0.000000,0.000000,0.000000,0.000000,0.000000,0.000000,0.000000,0.000000,45200,0,0,0,0,0,0,0,0,0,0,0,0,0,0,0.000000,0.000000,0,0,14.420000,11.800000,"",0,0,0,0,0.000000,0,0,0,20240308092121000
000004.SZ,20240308,20240308,92139000,79,13.110000,0.000000,0.000000,0.000000,0.000000,13.110000,0.000000,0.000000,0.000000,0.000000,0.000000,0.000000,0.000000,0.000000,0.000000,46800,10200,0,0,0,0,0,0,0,0,13.110000,0.000000,0.000000,0.000000,0.000000,0.000000,0.000000,0.000000,0.000000,0.000000,46800,0,0,0,0,0,0,0,0,0,0,0,0,0,0,0.000000,0.000000,0,0,14.420000,11.800000,"",0,0,0,0,0.000000,0,0,0,20240308092139000
000004.SZ,20240308,20240308,92148000,79,13.110000,0.000000,0.000000,0.000000,0.000000,13.110000,0.000000,0.000000,0.000000,0.000000,0.000000,0.000000,0.000000,0.000000,0.000000,47300,9700,0,0,0,0,0,0,0,0,13.110000,0.000000,0.000000,0.000000,0.000000,0.000000,0.000000,0.000000,0.000000,0.000000,47300,0,0,0,0,0,0,0,0,0,0,0,0,0,0,0.000000,0.000000,0,0,14.420000,11.800000,"",0,0,0,0,0.000000,0,0,0,20240308092148000
000004.SZ,20240308,20240308,92157000,79,13.110000,0.000000,0.000000,0.000000,0.000000,13.110000,0.000000,0.000000,0.000000,0.000000,0.000000,0.000000,0.000000,0.000000,0.000000,47800,9200,0,0,0,0,0,0,0,0,13.110000,0.000000,0.000000,0.000000,0.000000,0.000000,0.000000,0.000000,0.000000,0.000000,47800,0,0,0,0,0,0,0,0,0,0,0,0,0,0,0.000000,0.000000,0,0,14.420000,11.800000,"",0,0,0,0,0.000000,0,0,0,20240308092157000
000004.SZ,20240308,20240308,92206000,79,13.110000,0.000000,0.000000,0.000000,0.000000,13.110000,0.000000,0.000000,0.000000,0.000000,0.000000,0.000000,0.000000,0.000000,0.000000,48400,9000,0,0,0,0,0,0,0,0,13.110000,0.000000,0.000000,0.000000,0.000000,0.000000,0.000000,0.000000,0.000000,0.000000,48400,0,0,0,0,0,0,0,0,0,0,0,0,0,0,0.000000,0.000000,0,0,14.420000,11.800000,"",0,0,0,0,0.000000,0,0,0,20240308092206000
000004.SZ,20240308,20240308,92215000,79,13.110000,0.000000,0.000000,0.000000,0.000000,13.110000,0.000000,0.000000,0.000000,0.000000,0.000000,0.000000,0.000000,0.000000,0.000000,48900,9600,0,0,0,0,0,0,0,0,13.110000,0.000000,0.000000,0.000000,0.000000,0.000000,0.000000,0.000000,0.000000,0.000000,48900,0,0,0,0,0,0,0,0,0,0,0,0,0,0,0.000000,0.000000,0,0,14.420000,11.800000,"",0,0,0,0,0.000000,0,0,0,20240308092215000
000004.SZ,20240308,20240308,92224000,79,13.110000,0.000000,0.000000,0.000000,0.000000,13.110000,0.000000,0.000000,0.000000,0.000000,0.000000,0.000000,0.000000,0.000000,0.000000,48900,9800,0,0,0,0,0,0,0,0,13.110000,0.000000,0.000000,0.000000,0.000000,0.000000,0.000000,0.000000,0.000000,0.000000,48900,0,0,0,0,0,0,0,0,0,0,0,0,0,0,0.000000,0.000000,0,0,14.420000,11.800000,"",0,0,0,0,0.000000,0,0,0,20240308092224000
000004.SZ,20240308,20240308,92233000,79,13.110000,0.000000,0.000000,0.000000,0.000000,13.110000,0.000000,0.000000,0.000000,0.000000,0.000000,0.000000,0.000000,0.000000,0.000000,51400,13600,0,0,0,0,0,0,0,0,13.110000,0.000000,0.000000,0.000000,0.000000,0.000000,0.000000,0.000000,0.000000,0.000000,51400,0,0,0,0,0,0,0,0,0,0,0,0,0,0,0.000000,0.000000,0,0,14.420000,11.800000,"",0,0,0,0,0.000000,0,0,0,20240308092233000
000004.SZ,20240308,20240308,92242000,79,13.110000,0.000000,0.000000,0.000000,0.000000,13.110000,0.000000,0.000000,0.000000,0.000000,0.000000,0.000000,0.000000,0.000000,0.000000,51900,15300,0,0,0,0,0,0,0,0,13.110000,0.000000,0.000000,0.000000,0.000000,0.000000,0.000000,0.000000,0.000000,0.000000,51900,0,0,0,0,0,0,0,0,0,0,0,0,0,0,0.000000,0.000000,0,0,14.420000,11.800000,"",0,0,0,0,0.000000,0,0,0,20240308092242000
000004.SZ,20240308,20240308,92251000,79,13.110000,0.000000,0.000000,0.000000,0.000000,13.110000,0.000000,0.000000,0.000000,0.000000,0.000000,0.000000,0.000000,0.000000,0.000000,52900,15300,0,0,0,0,0,0,0,0,13.110000,0.000000,0.000000,0.000000,0.000000,0.000000,0.000000,0.000000,0.000000,0.000000,52900,0,0,0,0,0,0,0,0,0,0,0,0,0,0,0.000000,0.000000,0,0,14.420000,11.800000,"",0,0,0,0,0.000000,0,0,0,20240308092251000
000004.SZ,20240308,20240308,92300000,79,13.110000,0.000000,0.000000,0.000000,0.000000,13.110000,0.000000,0.000000,0.000000,0.000000,0.000000,0.000000,0.000000,0.000000,0.000000,54400,15400,0,0,0,0,0,0,0,0,13.110000,0.000000,0.000000,0.000000,0.000000,0.000000,0.000000,0.000000,0.000000,0.000000,54400,0,0,0,0,0,0,0,0,0,0,0,0,0,0,0.000000,0.000000,0,0,14.420000,11.800000,"",0,0,0,0,0.000000,0,0,0,20240308092300000
000004.SZ,20240308,20240308,92318000,79,13.110000,0.000000,0.000000,0.000000,0.000000,13.110000,0.000000,0.000000,0.000000,0.000000,0.000000,0.000000,0.000000,0.000000,0.000000,62000,9800,0,0,0,0,0,0,0,0,13.110000,0.000000,0.000000,0.000000,0.000000,0.000000,0.000000,0.000000,0.000000,0.000000,62000,0,0,0,0,0,0,0,0,0,0,0,0,0,0,0.000000,0.000000,0,0,14.420000,11.800000,"",0,0,0,0,0.000000,0,0,0,20240308092318000
000004.SZ,20240308,20240308,92327000,79,13.110000,0.000000,0.000000,0.000000,0.000000,13.110000,0.000000,0.000000,0.000000,0.000000,0.000000,0.000000,0.000000,0.000000,0.000000,63400,9400,0,0,0,0,0,0,0,0,13.110000,0.000000,0.000000,0.000000,0.000000,0.000000,0.000000,0.000000,0.000000,0.000000,63400,0,0,0,0,0,0,0,0,0,0,0,0,0,0,0.000000,0.000000,0,0,14.420000,11.800000,"",0,0,0,0,0.000000,0,0,0,20240308092327000
000004.SZ,20240308,20240308,92336000,79,13.110000,0.000000,0.000000,0.000000,0.000000,13.110000,0.000000,0.000000,0.000000,0.000000,0.000000,0.000000,0.000000,0.000000,0.000000,68900,3900,0,0,0,0,0,0,0,0,13.110000,0.000000,0.000000,0.000000,0.000000,0.000000,0.000000,0.000000,0.000000,0.000000,68900,0,0,0,0,0,0,0,0,0,0,0,0,0,0,0.000000,0.000000,0,0,14.420000,11.800000,"",0,0,0,0,0.000000,0,0,0,20240308092336000
000004.SZ,20240308,20240308,92354000,79,13.110000,0.000000,0.000000,0.000000,0.000000,13.110000,0.000000,0.000000,0.000000,0.000000,0.000000,0.000000,0.000000,0.000000,0.000000,69000,3800,0,0,0,0,0,0,0,0,13.110000,0.000000,0.000000,0.000000,0.000000,0.000000,0.000000,0.000000,0.000000,0.000000,69000,0,0,0,0,0,0,0,0,0,0,0,0,0,0,0.000000,0.000000,0,0,14.420000,11.800000,"",0,0,0,0,0.000000,0,0,0,20240308092354000
000004.SZ,20240308,20240308,92403000,79,13.110000,0.000000,0.000000,0.000000,0.000000,13.110000,0.000000,0.000000,0.000000,0.000000,0.000000,0.000000,0.000000,0.000000,0.000000,73200,0,0,0,0,0,0,0,0,0,13.110000,0.000000,0.000000,0.000000,0.000000,0.000000,0.000000,0.000000,0.000000,0.000000,73200,2900,0,0,0,0,0,0,0,0,0,0,0,0,0,0.000000,0.000000,0,0,14.420000,11.800000,"",0,0,0,0,0.000000,0,0,0,20240308092403000
000004.SZ,20240308,20240308,92412000,79,13.110000,0.000000,0.000000,0.000000,0.000000,13.110000,0.000000,0.000000,0.000000,0.000000,0.000000,0.000000,0.000000,0.000000,0.000000,79000,4600,0,0,0,0,0,0,0,0,13.110000,0.000000,0.000000,0.000000,0.000000,0.000000,0.000000,0.000000,0.000000,0.000000,79000,0,0,0,0,0,0,0,0,0,0,0,0,0,0,0.000000,0.000000,0,0,14.420000,11.800000,"",0,0,0,0,0.000000,0,0,0,20240308092412000
000004.SZ,20240308,20240308,92421000,79,13.110000,0.000000,0.000000,0.000000,0.000000,13.110000,0.000000,0.000000,0.000000,0.000000,0.000000,0.000000,0.000000,0.000000,0.000000,79000,7000,0,0,0,0,0,0,0,0,13.110000,0.000000,0.000000,0.000000,0.000000,0.000000,0.000000,0.000000,0.000000,0.000000,79000,0,0,0,0,0,0,0,0,0,0,0,0,0,0,0.000000,0.000000,0,0,14.420000,11.800000,"",0,0,0,0,0.000000,0,0,0,20240308092421000
000004.SZ,20240308,20240308,92430000,79,13.110000,0.000000,0.000000,0.000000,0.000000,13.110000,0.000000,0.000000,0.000000,0.000000,0.000000,0.000000,0.000000,0.000000,0.000000,81300,5600,0,0,0,0,0,0,0,0,13.110000,0.000000,0.000000,0.000000,0.000000,0.000000,0.000000,0.000000,0.000000,0.000000,81300,0,0,0,0,0,0,0,0,0,0,0,0,0,0,0.000000,0.000000,0,0,14.420000,11.800000,"",0,0,0,0,0.000000,0,0,0,20240308092430000
000004.SZ,20240308,20240308,92439000,79,13.110000,0.000000,0.000000,0.000000,0.000000,13.110000,0.000000,0.000000,0.000000,0.000000,0.000000,0.000000,0.000000,0.000000,0.000000,94700,0,0,0,0,0,0,0,0,0,13.110000,0.000000,0.000000,0.000000,0.000000,0.000000,0.000000,0.000000,0.000000,0.000000,94700,2100,0,0,0,0,0,0,0,0,0,0,0,0,0,0.000000,0.000000,0,0,14.420000,11.800000,"",0,0,0,0,0.000000,0,0,0,20240308092439000
000004.SZ,20240308,20240308,92448000,79,13.110000,0.000000,0.000000,0.000000,0.000000,13.110000,0.000000,0.000000,0.000000,0.000000,0.000000,0.000000,0.000000,0.000000,0.000000,101100,16100,0,0,0,0,0,0,0,0,13.110000,0.000000,0.000000,0.000000,0.000000,0.000000,0.000000,0.000000,0.000000,0.000000,101100,0,0,0,0,0,0,0,0,0,0,0,0,0,0,0.000000,0.000000,0,0,14.420000,11.800000,"",0,0,0,0,0.000000,0,0,0,20240308092448000
000004.SZ,20240308,20240308,92457000,79,13.110000,0.000000,0.000000,0.000000,0.000000,13.110000,0.000000,0.000000,0.000000,0.000000,0.000000,0.000000,0.000000,0.000000,0.000000,106400,16800,0,0,0,0,0,0,0,0,13.110000,0.000000,0.000000,0.000000,0.000000,0.000000,0.000000,0.000000,0.000000,0.000000,106400,0,0,0,0,0,0,0,0,0,0,0,0,0,0,0.000000,0.000000,0,0,14.420000,11.800000,"",0,0,0,0,0.000000,0,0,0,20240308092457000
000004.SZ,20240308,20240308,92500000,66,13.110000,13.110000,13.110000,13.110000,13.110000,13.110000,13.130000,13.160000,13.190000,13.210000,13.230000,13.270000,13.300000,13.310000,13.330000,4600,1000,500,6500,300,500,700,13100,800,2100,13.090000,13.080000,13.070000,13.030000,13.010000,13.000000,12.990000,12.980000,12.950000,12.930000,1000,300,600,2000,300,700,41800,100,11100,28300,146,133200,1746252,185400,601800,12.680000,14.040000,0,0,14.420000,11.800000,"",0,0,0,0,0.000000,0,0,0,20240308092500000
000004.SZ,20240308,20240308,92612000,66,13.110000,13.110000,13.110000,13.110000,13.110000,13.110000,13.130000,13.160000,13.190000,13.210000,13.230000,13.270000,13.300000,13.310000,13.330000,4600,1000,500,6500,300,500,700,13100,800,2100,13.090000,13.080000,13.070000,13.030000,13.010000,13.000000,12.990000,12.980000,12.950000,12.930000,1000,300,600,2000,300,700,41800,100,11100,28300,146,133200,1746252,185400,601800,12.680000,14.040000,0,0,14.420000,11.800000,"",0,0,0,0,0.000000,0,0,0,20240308092612000
000004.SZ,20240308,20240308,92712000,66,13.110000,13.110000,13.110000,13.110000,13.110000,13.110000,13.130000,13.160000,13.190000,13.210000,13.230000,13.270000,13.300000,13.310000,13.330000,4600,1000,500,6500,300,500,700,13100,800,2100,13.090000,13.080000,13.070000,13.030000,13.010000,13.000000,12.990000,12.980000,12.950000,12.930000,1000,300,600,2000,300,700,41800,100,11100,28300,146,133200,1746252,185400,601800,12.680000,14.040000,0,0,14.420000,11.800000,"",0,0,0,0,0.000000,0,0,0,20240308092712000
000004.SZ,20240308,20240308,92812000,66,13.110000,13.110000,13.110000,13.110000,13.110000,13.110000,13.130000,13.160000,13.190000,13.210000,13.230000,13.270000,13.300000,13.310000,13.330000,4600,1000,500,6500,300,500,700,13100,800,2100,13.090000,13.080000,13.070000,13.030000,13.010000,13.000000,12.990000,12.980000,12.950000,12.930000,1000,300,600,2000,300,700,41800,100,11100,28300,146,133200,1746252,185400,601800,12.680000,14.040000,0,0,14.420000,11.800000,"",0,0,0,0,0.000000,0,0,0,20240308092812000
000004.SZ,20240308,20240308,92912000,66,13.110000,13.110000,13.110000,13.110000,13.110000,13.110000,13.130000,13.160000,13.190000,13.210000,13.230000,13.270000,13.300000,13.310000,13.330000,4600,1000,500,6500,300,500,700,13100,800,2100,13.090000,13.080000,13.070000,13.030000,13.010000,13.000000,12.990000,12.980000,12.950000,12.930000,1000,300,600,2000,300,700,41800,100,11100,28300,146,133200,1746252,185400,601800,12.680000,14.040000,0,0,14.420000,11.800000,"",0,0,0,0,0.000000,0,0,0,20240308092912000
000004.SZ,20240308,20240308,93000000,84,13.110000,13.110000,13.190000,13.110000,13.190000,13.170000,13.190000,13.210000,13.220000,13.230000,13.270000,13.300000,13.310000,13.330000,13.360000,1200,4500,300,4500,500,700,14100,800,2100,3200,13.130000,13.120000,13.110000,13.090000,13.080000,13.070000,13.050000,13.030000,13.010000,13.000000,37800,3900,4300,1000,300,600,2400,2000,300,700,168,172700,2264986,242300,678800,12.760000,14.010000,0,0,14.420000,11.800000,"",0,0,0,0,0.000000,0,0,0,20240308093000000
000004.SZ,20240308,20240308,93003000,84,13.110000,13.110000,13.230000,13.110000,13.110000,13.200000,13.230000,13.270000,13.280000,13.290000,13.300000,13.310000,13.330000,13.350000,13.360000,100,1600,700,2500,1100,6500,800,2100,100,3200,13.110000,13.100000,13.090000,13.080000,13.070000,13.060000,13.050000,13.040000,13.030000,13.020000,20700,3300,1200,4000,2500,3900,3400,200,6500,2400,264,267400,3509840,334700,770600,12.740000,14.010000,0,0,14.420000,11.800000,"",0,0,0,0,0.000000,0,0,0,20240308093003000
000004.SZ,20240308,20240308,93006000,84,13.110000,13.110000,13.230000,13.110000,13.110000,13.150000,13.190000,13.200000,13.210000,13.230000,13.270000,13.280000,13.290000,13.300000,13.310000,100,57500,6100,1900,1500,15700,2500,1100,6500,800,13.110000,13.100000,13.090000,13.080000,13.070000,13.060000,13.050000,13.040000,13.030000,13.020000,21000,1300,5000,4500,2500,3900,3400,700,6500,2900,287,282400,3706865,362300,899200,12.740000,13.950000,0,0,14.420000,11.800000,"",0,0,0,0,0.000000,0,0,0,20240308093006000
000004.SZ,20240308,20240308,93009000,84,13.110000,13.110000,13.230000,13.110000,13.120000,13.140000,13.150000,13.200000,13.210000,13.230000,13.270000,13.280000,13.290000,13.300000,13.310000,64400,47800,9200,1900,1500,15700,2500,1100,6700,800,13.120000,13.110000,13.100000,13.090000,13.080000,13.070000,13.060000,13.050000,13.040000,13.030000,900,21800,1300,5000,4500,2500,3900,3400,700,8000,299,291500,3826168,374400,961100,12.740000,13.900000,0,0,14.420000,11.800000,"",0,0,0,0,0.000000,0,0,0,20240308093009000
000004.SZ,20240308,20240308,93012000,84,13.110000,13.110000,13.230000,13.110000,13.120000,13.120000,13.130000,13.140000,13.150000,13.200000,13.210000,13.230000,13.270000,13.280000,13.290000,500,3400,63400,47900,6100,1900,1500,15700,2500,1100,13.110000,13.100000,13.090000,13.080000,13.070000,13.060000,13.050000,13.040000,13.030000,13.020000,12200,1800,5000,4500,2500,3900,3400,700,8000,2900,303,293400,3851116,364000,963000,12.730000,13.900000,0,0,14.420000,11.800000,"",0,0,0,0,0.000000,0,0,0,20240308093012000
000004.SZ,20240308,20240308,93015000,84,13.110000,13.110000,13.230000,13.110000,13.110000,13.110000,13.120000,13.130000,13.150000,13.190000,13.200000,13.210000,13.230000,13.270000,13.280000,33200,6700,10300,300,2000,6100,1900,1500,15700,2500,13.100000,13.090000,13.080000,13.070000,13.060000,13.050000,13.040000,13.030000,13.020000,13.010000,1800,5000,4500,2500,3900,3400,700,8000,2900,5800,334,312700,4104139,350200,900300,12.720000,13.950000,0,0,14.420000,11.800000,"",0,0,0,0,0.000000,0,0,0,20240308093015000
000004.SZ,20240308,20240308,93018000,84,13.110000,13.110000,13.230000,13.110000,13.110000,13.110000,13.120000,13.130000,13.150000,13.190000,13.200000,13.210000,13.230000,13.270000,13.280000,28500,5600,15300,300,2000,6100,1900,1700,15700,2500,13.100000,13.090000,13.080000,13.070000,13.060000,13.050000,13.040000,13.030000,13.020000,13.010000,9200,5000,4500,2500,3900,2400,700,8000,2900,5800,342,318000,4173622,356600,900200,12.720000,13.950000,0,0,14.420000,11.800000,"",0,0,0,0,0.000000,0,0,0,20240308093018000
000004.SZ,20240308,20240308,93021000,84,13.110000,13.110000,13.230000,13.060000,13.060000,13.070000,13.080000,13.090000,13.100000,13.110000,13.120000,13.130000,13.150000,13.200000,13.210000,800,500,100,20800,15900,5600,15300,300,7200,1900,13.060000,13.050000,13.040000,13.030000,13.020000,13.010000,13.000000,12.990000,12.980000,12.970000,3200,2400,700,8000,2900,5800,6400,42000,600,700,393,348200,4569062,333100,925600,12.700000,13.940000,0,0,14.420000,11.800000,"",0,0,0,0,0.000000,0,0,0,20240308093021000
000004.SZ,20240308,20240308,93024000,84,13.110000,13.110000,13.230000,13.030000,13.060000,13.070000,13.080000,13.090000,13.100000,13.110000,13.120000,13.130000,13.150000,13.200000,13.210000,2800,8200,1200,24100,5500,5600,15300,300,7200,1900,13.030000,13.020000,13.010000,13.000000,12.990000,12.980000,12.970000,12.960000,12.950000,12.940000,4800,2900,5800,6400,42000,600,700,400,12700,15400,424,360200,4725668,323600,931200,12.690000,13.940000,0,0,14.420000,11.800000,"",0,0,0,0,0.000000,0,0,0,20240308093024000
000004.SZ,20240308,20240308,93027000,84,13.110000,13.110000,13.230000,13.030000,13.060000,13.060000,13.070000,13.080000,13.090000,13.100000,13.110000,13.120000,13.130000,13.150000,13.200000,4100,1800,8200,1200,5500,5500,5600,11900,300,7200,13.030000,13.020000,13.010000,13.000000,12.990000,12.980000,12.970000,12.960000,12.950000,12.940000,4800,2900,5800,6400,42000,600,700,400,12700,15400,428,361400,4741350,323600,914500,12.690000,13.950000,0,0,14.420000,11.800000,"",0,0,0,0,0.000000,0,0,0,20240308093027000
000004.SZ,20240308,20240308,93030000,84,13.110000,13.110000,13.230000,13.030000,13.060000,13.070000,13.080000,13.090000,13.100000,13.110000,13.120000,13.130000,13.150000,13.200000,13.210000,1800,8200,1200,7200,5500,5500,11900,300,7200,1900,13.060000,13.030000,13.020000,13.010000,13.000000,12.990000,12.980000,12.970000,12.960000,12.950000,200,1400,2900,5800,6400,42000,600,700,400,12700,442,369900,4852258,320400,910000,12.690000,13.960000,0,0,14.420000,11.800000,"",0,0,0,0,0.000000,0,0,0,20240308093030000
000004.SZ,20240308,20240308,93033000,84,13.110000,13.110000,13.230000,13.030000,13.060000,13.070000,13.080000,13.090000,13.100000,13.110000,13.120000,13.130000,13.150000,13.200000,13.210000,1400,8200,1200,7200,5500,5500,11900,300,7200,1900,13.060000,13.030000,13.020000,13.010000,13.000000,12.990000,12.980000,12.970000,12.960000,12.950000,1900,4400,2900,5800,7300,42000,600,700,400,12700,449,372500,4886218,323900,909500,12.700000,13.960000,0,0,14.420000,11.800000,"",0,0,0,0,0.000000,0,0,0,20240308093033000
000004.SZ,20240308,20240308,93036000,84,13.110000,13.110000,13.230000,13.030000,13.060000,13.060000,13.070000,13.080000,13.090000,13.100000,13.110000,13.120000,13.130000,13.150000,13.200000,100,300,7300,1200,7200,5500,5500,11900,300,7200,13.050000,13.030000,13.020000,13.010000,13.000000,12.990000,12.980000,12.970000,12.960000,12.950000,100,5700,2900,5800,6500,42000,600,700,400,12700,457,376000,4931931,322600,908900,12.700000,13.960000,0,0,14.420000,11.800000,"",0,0,0,0,0.000000,0,0,0,20240308093036000
000004.SZ,20240308,20240308,93039000,84,13.110000,13.110000,13.230000,13.030000,13.070000,13.050000,13.060000,13.080000,13.090000,13.100000,13.110000,13.120000,13.130000,13.150000,13.200000,2800,100,7200,1200,4500,4000,5500,17100,300,7200,13.030000,13.020000,13.010000,13.000000,12.990000,12.980000,12.970000,12.960000,12.950000,12.940000,4400,3900,5800,6500,42000,600,700,400,12700,15400,463,379300,4975027,322200,897400,12.690000,13.970000,0,0,14.420000,11.800000,"",0,0,0,0,0.000000,0,0,0,20240308093039000
000004.SZ,20240308,20240308,93042000,84,13.110000,13.110000,13.230000,13.030000,13.050000,13.060000,13.080000,13.090000,13.100000,13.110000,13.120000,13.130000,13.150000,13.200000,13.210000,700,7200,1200,4500,4000,5500,17100,300,7200,1900,13.050000,13.030000,13.020000,13.010000,13.000000,12.990000,12.980000,12.970000,12.960000,12.950000,26900,4400,3900,5800,6500,42000,600,700,400,12700,470,383600,5031142,349300,895400,12.720000,13.970000,0,0,14.420000,11.800000,"",0,0,0,0,0.000000,0,0,0,20240308093042000
000004.SZ,20240308,20240308,93045000,84,13.110000,13.110000,13.230000,13.030000,13.060000,13.080000,13.090000,13.100000,13.110000,13.120000,13.130000,13.150000,13.200000,13.210000,13.220000,5000,1200,4500,4000,5500,17100,300,7200,1900,1200,13.060000,13.050000,13.030000,13.020000,13.010000,13.000000,12.990000,12.980000,12.970000,12.960000,2400,27300,4400,3900,5800,6500,42000,600,700,400,477,388400,5093874,352900,893700,12.730000,13.970000,0,0,14.420000,11.800000,"",0,0,0,0,0.000000,0,0,0,20240308093045000
000004.SZ,20240308,20240308,93048000,84,13.110000,13.110000,13.230000,13.030000,13.060000,13.080000,13.090000,13.100000,13.110000,13.120000,13.130000,13.150000,13.200000,13.210000,13.220000,4500,1200,4500,4000,5500,17100,300,7200,1900,1200,13.060000,13.050000,13.030000,13.020000,13.010000,13.000000,12.990000,12.980000,12.970000,12.960000,11600,27300,1400,3900,5800,6500,42000,600,700,400,482,390000,5114780,359100,892800,12.730000,13.970000,0,0,14.420000,11.800000,"",0,0,0,0,0.000000,0,0,0,20240308093048000
000004.SZ,20240308,20240308,93051000,84,13.110000,13.110000,13.230000,13.030000,13.060000,13.060000,13.090000,13.100000,13.110000,13.120000,13.130000,13.150000,13.200000,13.210000,13.220000,34500,1200,4500,4000,5500,17100,300,7200,1900,1200,13.050000,13.030000,13.020000,13.010000,13.000000,12.990000,12.980000,12.970000,12.960000,12.950000,27800,1500,3900,5800,6800,42000,600,700,400,13000,494,408500,5356512,348400,931400,12.720000,13.940000,0,0,14.420000,11.800000,"",0,0,0,0,0.000000,0,0,0,20240308093051000
000004.SZ,20240308,20240308,93054000,84,13.110000,13.110000,13.230000,13.030000,13.060000,13.060000,13.080000,13.090000,13.100000,13.110000,13.120000,13.130000,13.150000,13.200000,13.210000,11700,1900,1200,4500,3500,5500,17100,300,7200,1900,13.050000,13.030000,13.020000,13.010000,13.000000,12.990000,12.980000,12.970000,12.960000,12.950000,27700,1500,4300,5800,6800,42000,600,700,400,13000,508,434900,5701294,348800,910000,12.720000,13.960000,0,0,14.420000,11.800000,"",0,0,0,0,0.000000,0,0,0,20240308093054000
000004.SZ,20240308,20240308,93057000,84,13.110000,13.110000,13.230000,13.030000,13.050000,13.060000,13.080000,13.090000,13.100000,13.110000,13.120000,13.130000,13.150000,13.200000,13.210000,2100,2000,1200,4500,3500,5500,17100,200,7200,1900,13.050000,13.030000,13.020000,13.010000,13.000000,12.990000,12.980000,12.970000,12.960000,12.950000,16900,1500,4300,5800,6800,42000,600,700,400,13000,514,452400,5929736,337000,893200,12.710000,13.970000,0,0,14.420000,11.800000,"",0,0,0,0,0.000000,0,0,0,20240308093057000
000004.SZ,20240308,20240308,93100000,84,13.110000,13.110000,13.230000,13.030000,13.060000,13.060000,13.080000,13.090000,13.100000,13.110000,13.120000,13.130000,13.150000,13.200000,13.210000,1700,2000,1200,4500,3500,5500,17100,200,7200,1900,13.050000,13.030000,13.020000,13.010000,13.000000,12.990000,12.980000,12.970000,12.960000,12.950000,5500,1500,4300,5800,7500,42000,600,700,400,13000,526,468600,6141194,326600,892800,12.700000,13.970000,0,0,14.420000,11.800000,"",0,0,0,0,0.000000,0,0,0,20240308093100000
000004.SZ,20240308,20240308,93103000,84,13.110000,13.110000,13.230000,13.030000,13.060000,13.070000,13.080000,13.090000,13.100000,13.110000,13.120000,13.130000,13.150000,13.200000,13.210000,100,2000,4100,4500,3500,5500,12100,200,7200,1900,13.050000,13.030000,13.020000,13.010000,13.000000,12.990000,12.980000,12.970000,12.960000,12.950000,2500,1500,4300,6200,8000,42000,600,700,400,13000,536,477700,6259999,327100,889400,12.700000,13.980000,0,0,14.420000,11.800000,"",0,0,0,0,0.000000,0,0,0,20240308093103000
000004.SZ,20240308,20240308,93106000,84,13.110000,13.110000,13.230000,13.030000,13.050000,13.050000,13.060000,13.070000,13.080000,13.090000,13.100000,13.110000,13.120000,13.130000,13.150000,20300,1700,100,2000,4100,4500,3500,5500,12100,200,13.040000,13.030000,13.020000,13.010000,13.000000,12.990000,12.980000,12.970000,12.960000,12.950000,1400,2500,4300,6200,8000,42000,600,700,400,13000,547,486100,6369613,327100,920700,12.700000,13.960000,0,0,14.420000,11.800000,"",0,0,0,0,0.000000,0,0,0,20240308093106000
000004.SZ,20240308,20240308,93109000,84,13.110000,13.110000,13.230000,13.030000,13.050000,13.050000,13.060000,13.070000,13.080000,13.090000,13.100000,13.110000,13.120000,13.130000,13.150000,15700,1700,100,2000,4100,4500,3500,5500,12100,200,13.040000,13.030000,13.020000,13.010000,13.000000,12.990000,12.980000,12.970000,12.960000,12.950000,1400,5200,4300,6200,8000,42000,600,700,400,13000,555,493600,6467488,329800,914500,12.700000,13.960000,0,0,14.420000,11.800000,"",0,0,0,0,0.000000,0,0,0,20240308093109000
000004.SZ,20240308,20240308,93112000,84,13.110000,13.110000,13.230000,12.990000,13.050000,13.050000,13.060000,13.070000,13.080000,13.090000,13.100000,13.110000,13.120000,13.130000,13.150000,11300,600,100,2600,4100,4500,3500,5500,12100,200,13.040000,13.030000,13.020000,13.000000,12.990000,12.980000,12.970000,12.960000,12.950000,12.940000,200,300,100,2000,38100,600,700,1100,13000,16000,605,530900,6953085,304000,916100,12.680000,13.960000,0,0,14.420000,11.800000,"",0,0,0,0,0.000000,0,0,0,20240308093112000
000004.SZ,20240308,20240308,93115000,84,13.110000,13.110000,13.230000,12.990000,13.040000,13.040000,13.050000,13.060000,13.070000,13.080000,13.090000,13.100000,13.110000,13.120000,13.130000,500,13600,600,100,2600,4100,4500,3500,5500,12100,13.030000,13.020000,13.000000,12.990000,12.980000,12.970000,12.960000,12.950000,12.940000,12.930000,300,100,2000,38100,600,700,1100,13000,16000,32600,607,531200,6956997,303900,920200,12.670000,13.960000,0,0,14.420000,11.800000,"",0,0,0,0,0.000000,0,0,0,20240308093115000
000004.SZ,20240308,20240308,93118000,84,13.110000,13.110000,13.230000,12.990000,13.050000,13.030000,13.040000,13.050000,13.060000,13.080000,13.090000,13.100000,13.110000,13.120000,13.130000,900,1900,9700,600,2600,4100,2200,300,5500,12100,13.020000,13.000000,12.990000,12.980000,12.970000,12.960000,12.950000,12.940000,12.930000,12.920000,100,4000,38100,600,700,1100,13000,16000,32600,6200,612,535300,7010491,305600,921600,12.680000,13.970000,0,0,14.420000,11.800000,"",0,0,0,0,0.000000,0,0,0,20240308093118000
000004.SZ,20240308,20240308,93121000,84,13.110000,13.110000,13.230000,12.980000,12.980000,13.020000,13.030000,13.040000,13.050000,13.060000,13.080000,13.090000,13.100000,13.110000,13.120000,2100,3700,13000,9700,600,2600,4100,2200,300,5500,13.000000,12.980000,12.970000,12.960000,12.950000,12.940000,12.930000,12.920000,12.910000,12.900000,1700,6800,700,1100,13000,16000,32600,6200,5400,3200,624,593000,7759947,274700,938700,12.640000,13.950000,0,0,14.420000,11.800000,"",0,0,0,0,0.000000,0,0,0,20240308093121000
000004.SZ,20240308,20240308,93124000,84,13.110000,13.110000,13.230000,12.980000,13.020000,13.020000,13.030000,13.040000,13.050000,13.060000,13.080000,13.090000,13.100000,13.110000,13.120000,3100,3700,13000,10300,600,2600,4100,2200,300,5500,13.000000,12.980000,12.970000,12.960000,12.950000,12.940000,12.930000,12.920000,12.910000,12.900000,18900,6600,700,1100,13000,16000,32600,6200,5400,3200,635,599700,7847058,291700,941300,12.660000,13.950000,0,0,14.420000,11.800000,"",0,0,0,0,0.000000,0,0,0,20240308093124000
000004.SZ,20240308,20240308,93127000,84,13.110000,13.110000,13.230000,12.980000,13.000000,13.020000,13.030000,13.040000,13.050000,13.060000,13.080000,13.090000,13.100000,13.110000,13.120000,500,4200,2700,10200,600,2600,4100,2200,300,5500,13.000000,12.980000,12.970000,12.960000,12.950000,12.940000,12.930000,12.920000,12.910000,12.900000,12800,6600,700,1100,13000,16000,32600,6200,5400,3200,646,608900,7966720,284600,921900,12.650000,13.970000,0,0,14.420000,11.800000,"",0,0,0,0,0.000000,0,0,0,20240308093127000
000004.SZ,20240308,20240308,93130000,84,13.110000,13.110000,13.230000,12.970000,12.970000,12.980000,13.000000,13.020000,13.030000,13.040000,13.050000,13.060000,13.080000,13.090000,13.100000,1500,13200,3100,1300,2700,8000,600,700,4100,2200,12.970000,12.960000,12.950000,12.940000,12.930000,12.920000,12.910000,12.900000,12.890000,12.880000,500,1100,13000,16000,32600,6200,5400,3200,5100,6600,662,640500,8377630,267900,935700,12.630000,13.960000,0,0,14.420000,11.800000,"",0,0,0,0,0.000000,0,0,0,20240308093130000
000004.SZ,20240308,20240308,93133000,84,13.110000,13.110000,13.230000,12.970000,13.000000,13.000000,13.020000,13.030000,13.040000,13.050000,13.060000,13.080000,13.090000,13.100000,13.110000,18600,3300,700,2700,8000,600,700,4100,2200,300,12.980000,12.970000,12.960000,12.950000,12.940000,12.930000,12.920000,12.910000,12.900000,12.890000,200,500,1100,13000,16000,32600,6200,5400,3200,5100,666,646500,8455600,267700,942000,12.630000,13.960000,0,0,14.420000,11.800000,"",0,0,0,0,0.000000,0,0,0,20240308093133000
000004.SZ,20240308,20240308,93136000,84,13.110000,13.110000,13.230000,12.970000,12.980000,13.000000,13.020000,13.030000,13.040000,13.050000,13.060000,13.080000,13.090000,13.100000,13.110000,10800,2400,700,2700,8000,500,700,4100,2200,300,12.990000,12.970000,12.960000,12.950000,12.940000,12.930000,12.920000,12.910000,12.900000,12.890000,600,11600,1200,13000,16000,32800,6200,5400,3300,5100,675,649000,8488030,279600,936500,12.640000,13.970000,0,0,14.420000,11.800000,"",0,0,0,0,0.000000,0,0,0,20240308093136000
000004.SZ,20240308,20240308,93139000,84,13.110000,13.110000,13.230000,12.970000,13.020000,13.030000,13.040000,13.050000,13.080000,13.090000,13.100000,13.110000,13.120000,13.130000,13.150000,800,2700,5700,700,4100,2200,300,5500,5200,200,13.020000,13.010000,13.000000,12.990000,12.980000,12.970000,12.960000,12.950000,12.940000,12.930000,6100,600,300,2300,200,12600,2100,13000,16000,32800,692,662800,8667466,295100,920600,12.660000,13.980000,0,0,14.420000,11.800000,"",0,0,0,0,0.000000,0,0,0,20240308093139000
000004.SZ,20240308,20240308,93142000,84,13.110000,13.110000,13.230000,12.970000,13.000000,13.020000,13.030000,13.040000,13.050000,13.080000,13.090000,13.100000,13.120000,13.130000,13.150000,2100,800,1700,5700,700,4100,2200,5500,5200,200,13.010000,13.000000,12.990000,12.980000,12.970000,12.960000,12.950000,12.940000,12.930000,12.920000,200,2200,800,2600,13200,2100,13000,16000,32800,6200,706,681000,8904019,293000,920600,12.650000,13.980000,0,0,14.420000,11.800000,"",0,0,0,0,0.000000,0,0,0,20240308093142000
000004.SZ,20240308,20240308,93145000,84,13.110000,13.110000,13.230000,12.970000,13.010000,13.020000,13.030000,13.040000,13.050000,13.080000,13.090000,13.100000,13.120000,13.130000,13.150000,3200,800,1700,5700,700,4100,2200,5500,5200,200,13.010000,13.000000,12.980000,12.970000,12.960000,12.950000,12.940000,12.930000,12.920000,12.910000,5600,2000,1600,13700,2100,13000,16000,32800,6200,7700,718,688600,9002769,297000,921700,12.660000,13.980000,0,0,14.420000,11.800000,"",0,0,0,0,0.000000,0,0,0,20240308093145000
000004.SZ,20240308,20240308,93148000,84,13.110000,13.110000,13.230000,12.970000,13.020000,13.020000,13.030000,13.040000,13.050000,13.080000,13.090000,13.100000,13.120000,13.130000,13.150000,1000,800,1700,5700,700,4100,2200,5500,5200,200,13.010000,13.000000,12.980000,12.970000,12.960000,12.950000,12.940000,12.930000,12.920000,12.910000,5500,2900,1800,13700,3100,13400,16000,5900,6200,8000,723,690200,9023600,273400,922500,12.630000,13.980000,0,0,14.420000,11.800000,"",0,0,0,0,0.000000,0,0,0,20240308093148000
000004.SZ,20240308,20240308,93151000,84,13.110000,13.110000,13.230000,12.970000,13.020000,13.030000,13.040000,13.050000,13.080000,13.090000,13.100000,13.120000,13.130000,13.150000,13.160000,1300,1700,5700,700,4100,2200,5500,5200,200,100,13.020000,12.980000,12.970000,12.960000,12.950000,12.940000,12.930000,12.920000,12.910000,12.900000,900,200,13700,3100,13800,16000,5900,6200,8100,5900,740,709000,9268149,265800,919500,12.620000,13.980000,0,0,14.420000,11.800000,"",0,0,0,0,0.000000,0,0,0,20240308093151000
000004.SZ,20240308,20240308,93154000,84,13.110000,13.110000,13.230000,12.970000,12.990000,12.990000,13.010000,13.020000,13.030000,13.040000,13.050000,13.080000,13.090000,13.100000,13.120000,1300,1100,1100,900,1700,5700,700,4100,2200,5500,12.980000,12.970000,12.960000,12.950000,12.940000,12.930000,12.920000,12.910000,12.900000,12.890000,5500,13700,3100,13800,16000,5900,6700,8100,5900,5200,747,713900,9331849,274300,917400,12.630000,13.990000,0,0,14.420000,11.800000,"",0,0,0,0,0.000000,0,0,0,20240308093154000
000004.SZ,20240308,20240308,93157000,84,13.110000,13.110000,13.230000,12.970000,13.020000,13.020000,13.030000,13.040000,13.050000,13.080000,13.090000,13.100000,13.120000,13.150000,13.160000,2600,900,1700,5700,600,4100,2200,5500,200,100,12.990000,12.980000,12.970000,12.960000,12.950000,12.940000,12.930000,12.920000,12.910000,12.900000,700,5600,14200,3100,13800,16000,3800,6700,8100,8400,757,723000,9450153,275400,916700,12.630000,13.990000,0,0,14.420000,11.800000,"",0,0,0,0,0.000000,0,0,0,20240308093157000
000004.SZ,20240308,20240308,93200000,84,13.110000,13.110000,13.230000,12.970000,12.990000,13.000000,13.010000,13.020000,13.030000,13.040000,13.050000,13.080000,13.090000,13.100000,13.120000,3700,600,3400,900,1700,5700,600,4100,2200,5500,12.990000,12.980000,12.970000,12.960000,12.950000,12.940000,12.930000,12.920000,12.910000,12.900000,100,3800,14700,3100,13800,16000,3800,6700,11100,8400,772,730600,9548936,276500,936800,12.630000,13.970000,0,0,14.420000,11.800000,"",0,0,0,0,0.000000,0,0,0,20240308093200000
000004.SZ,20240308,20240308,93203000,84,13.110000,13.110000,13.230000,12.970000,12.990000,13.000000,13.010000,13.020000,13.030000,13.040000,13.050000,13.080000,13.090000,13.100000,13.120000,1800,1600,6400,900,1800,5700,600,4100,2200,5500,12.990000,12.980000,12.970000,12.960000,12.950000,12.940000,12.930000,12.920000,12.910000,12.900000,8300,30800,15500,3100,13800,16000,3800,6700,11100,9000,778,734300,9597024,313300,970700,12.670000,13.950000,0,0,14.420000,11.800000,"",0,0,0,0,0.000000,0,0,0,20240308093203000
000004.SZ,20240308,20240308,93206000,84,13.110000,13.110000,13.230000,12.970000,12.980000,12.990000,13.000000,13.010000,13.020000,13.030000,13.040000,13.050000,13.080000,13.090000,13.100000,800,700,1600,8900,900,1800,5700,600,4100,2200,12.980000,12.970000,12.960000,12.950000,12.940000,12.930000,12.920000,12.910000,12.900000,12.890000,31400,15500,3100,14300,16000,3800,7000,11100,9000,5200,794,744900,9734720,306600,976800,12.660000,13.940000,0,0,14.420000,11.800000,"",0,0,0,0,0.000000,0,0,0,20240308093206000
000004.SZ,20240308,20240308,93209000,84,13.110000,13.110000,13.230000,12.970000,12.990000,12.990000,13.010000,13.020000,13.030000,13.040000,13.050000,13.080000,13.090000,13.100000,13.150000,2200,1700,6700,900,1700,5700,600,4100,2200,200,12.980000,12.970000,12.960000,12.950000,12.940000,12.930000,12.920000,12.910000,12.900000,12.890000,28200,15600,2400,14300,16000,3800,7000,11100,9000,5200,811,759000,9917862,303600,969700,12.660000,13.950000,0,0,14.420000,11.800000,"",0,0,0,0,0.000000,0,0,0,20240308093209000
000004.SZ,20240308,20240308,93212000,84,13.110000,13.110000,13.230000,12.970000,12.980000,13.010000,13.020000,13.030000,13.040000,13.050000,13.080000,13.090000,13.100000,13.150000,13.160000,700,6700,800,1700,5700,600,4100,2200,200,100,12.990000,12.980000,12.970000,12.960000,12.950000,12.940000,12.930000,12.920000,12.910000,12.900000,500,4400,15600,2400,15500,16000,3800,7000,11100,10000,821,793500,10365779,286200,966400,12.630000,13.950000,0,0,14.420000,11.800000,"",0,0,0,0,0.000000,0,0,0,20240308093212000
000004.SZ,20240308,20240308,93215000,84,13.110000,13.110000,13.230000,12.970000,12.980000,12.980000,12.990000,13.010000,13.020000,13.030000,13.040000,13.050000,13.080000,13.090000,13.100000,9300,500,700,6700,800,1700,5700,600,4100,2200,12.970000,12.960000,12.950000,12.940000,12.930000,12.920000,12.910000,12.900000,12.890000,12.880000,15700,2400,15500,16000,3800,7000,11100,10000,5900,6900,829,799300,10441068,282100,978100,12.630000,13.940000,0,0,14.420000,11.800000,"",0,0,0,0,0.000000,0,0,0,20240308093215000
000004.SZ,20240308,20240308,93218000,84,13.110000,13.110000,13.230000,12.970000,12.980000,12.980000,12.990000,13.010000,13.020000,13.030000,13.040000,13.050000,13.080000,13.090000,13.100000,3300,1900,1000,6700,700,900,5700,600,4100,2200,12.970000,12.960000,12.950000,12.940000,12.930000,12.920000,12.910000,12.900000,12.890000,12.880000,16700,2400,15500,16800,4300,7000,11100,10000,5900,7300,836,805900,10526736,287500,972900,12.630000,13.950000,0,0,14.420000,11.800000,"",0,0,0,0,0.000000,0,0,0,20240308093218000
000004.SZ,20240308,20240308,93221000,84,13.110000,13.110000,13.230000,12.970000,12.970000,12.980000,12.990000,13.010000,13.020000,13.030000,13.040000,13.050000,13.080000,13.090000,13.100000,3500,1700,700,6700,700,900,5700,600,4100,2200,12.970000,12.960000,12.950000,12.940000,12.930000,12.920000,12.910000,12.900000,12.890000,12.880000,15500,2400,16000,16800,4300,7000,11100,10000,5900,7300,843,809000,10566944,289000,969600,12.630000,13.950000,0,0,14.420000,11.800000,"",0,0,0,0,0.000000,0,0,0,20240308093221000
000004.SZ,20240308,20240308,93224000,84,13.110000,13.110000,13.230000,12.960000,12.960000,12.970000,12.980000,12.990000,13.010000,13.020000,13.030000,13.040000,13.050000,13.080000,13.090000,1500,7600,7400,600,6700,700,900,5700,600,4100,12.960000,12.950000,12.940000,12.930000,12.920000,12.910000,12.900000,12.890000,12.880000,12.870000,2100,17000,16800,4300,7000,11100,11000,5900,7300,900,863,825400,10779659,278300,981900,12.610000,13.940000,0,0,14.420000,11.800000,"",0,0,0,0,0.000000,0,0,0,20240308093224000
000004.SZ,20240308,20240308,93227000,84,13.110000,13.110000,13.230000,12.960000,12.960000,12.970000,12.980000,12.990000,13.000000,13.010000,13.020000,13.030000,13.040000,13.050000,13.080000,30500,8700,7000,5300,600,6700,1300,900,5700,600,12.960000,12.950000,12.940000,12.930000,12.920000,12.910000,12.900000,12.890000,12.880000,12.870000,300,17200,16800,4300,7000,11100,12100,5900,7300,900,874,829800,10836699,277800,1017600,12.610000,13.900000,0,0,14.420000,11.800000,"",0,0,0,0,0.000000,0,0,0,20240308093227000
000004.SZ,20240308,20240308,93230000,84,13.110000,13.110000,13.230000,12.950000,12.970000,12.970000,12.980000,12.990000,13.000000,13.010000,13.020000,13.030000,13.040000,13.050000,13.080000,34100,8700,7000,9700,600,6700,1300,900,5700,600,12.950000,12.940000,12.930000,12.920000,12.910000,12.900000,12.890000,12.880000,12.870000,12.860000,19300,16000,4300,7000,11600,11600,5900,9300,900,3100,892,835100,10905394,280800,1025300,12.620000,13.900000,0,0,14.420000,11.800000,"",0,0,0,0,0.000000,0,0,0,20240308093230000
000004.SZ,20240308,20240308,93233000,84,13.110000,13.110000,13.230000,12.950000,12.970000,12.970000,12.980000,12.990000,13.000000,13.010000,13.020000,13.030000,13.040000,13.050000,13.080000,31700,7700,700,10200,600,3300,1300,900,5700,600,12.950000,12.940000,12.930000,12.920000,12.910000,12.900000,12.890000,12.880000,12.870000,12.860000,17600,16000,4300,7000,11600,9100,5900,9300,900,3100,900,843000,11007785,277100,1009400,12.610000,13.910000,0,0,14.420000,11.800000,"",0,0,0,0,0.000000,0,0,0,20240308093233000
000004.SZ,20240308,20240308,93236000,84,13.110000,13.110000,13.230000,12.950000,12.970000,12.970000,12.980000,12.990000,13.000000,13.010000,13.020000,13.030000,13.040000,13.050000,13.150000,30000,7600,700,5800,600,3300,1300,900,5700,100,12.950000,12.940000,12.930000,12.920000,12.910000,12.900000,12.890000,12.880000,12.870000,12.860000,5200,16000,4300,7000,11600,10000,6000,9300,900,3100,918,858600,11209859,266500,1002300,12.600000,13.920000,0,0,14.420000,11.800000,"",0,0,0,0,0.000000,0,0,0,20240308093236000
000004.SZ,20240308,20240308,93239000,84,13.110000,13.110000,13.230000,12.940000,12.950000,12.950000,12.960000,12.970000,12.980000,12.990000,13.000000,13.010000,13.020000,13.030000,13.040000,9800,1000,29800,7100,700,5800,600,1000,1300,900,12.940000,12.930000,12.920000,12.910000,12.900000,12.890000,12.880000,12.870000,12.860000,12.850000,13900,4300,6900,11600,10000,6000,9300,900,300,100,932,868400,11336752,256300,1013500,12.580000,13.910000,0,0,14.420000,11.800000,"",0,0,0,0,0.000000,0,0,0,20240308093239000
000004.SZ,20240308,20240308,93242000,84,13.110000,13.110000,13.230000,12.940000,12.940000,12.950000,12.960000,12.970000,12.980000,12.990000,13.000000,13.010000,13.020000,13.030000,13.040000,9700,1800,29900,7000,700,5800,600,1000,1300,900,12.940000,12.930000,12.920000,12.910000,12.900000,12.890000,12.880000,12.870000,12.860000,12.850000,10200,4300,6900,11600,10000,6000,9300,900,300,100,938,873200,11398875,255900,1014600,12.580000,13.910000,0,0,14.420000,11.800000,"",0,0,0,0,0.000000,0,0,0,20240308093242000
000004.SZ,20240308,20240308,93245000,84,13.110000,13.110000,13.230000,12.940000,12.940000,12.940000,12.950000,12.960000,12.970000,12.980000,12.990000,13.000000,13.010000,13.020000,13.030000,11400,11000,1800,29900,7000,700,5800,600,1000,1300,12.930000,12.920000,12.910000,12.900000,12.890000,12.880000,12.870000,12.860000,12.850000,12.830000,4300,6900,11600,11400,6000,9300,900,300,100,2700,941,883500,11532157,247600,1033900,12.570000,13.900000,0,0,14.420000,11.800000,"",0,0,0,0,0.000000,0,0,0,20240308093245000
000004.SZ,20240308,20240308,93248000,84,13.110000,13.110000,13.230000,12.930000,12.930000,12.940000,12.950000,12.960000,12.970000,12.980000,12.990000,13.000000,13.010000,13.020000,13.030000,17500,11200,5300,29900,6800,700,5700,600,1000,1300,12.930000,12.920000,12.910000,12.900000,12.890000,12.880000,12.870000,12.860000,12.850000,12.830000,3300,7000,11600,11400,6000,9300,900,300,100,2700,945,884700,11547673,247500,1043400,12.570000,13.890000,0,0,14.420000,11.800000,"",0,0,0,0,0.000000,0,0,0,20240308093248000
000004.SZ,20240308,20240308,93251000,84,13.110000,13.110000,13.230000,12.920000,12.930000,12.930000,12.940000,12.950000,12.960000,12.970000,12.980000,12.990000,13.000000,13.010000,13.020000,3400,18700,7300,4300,29800,6800,700,5700,600,1000,12.920000,12.910000,12.900000,12.890000,12.880000,12.870000,12.860000,12.850000,12.830000,12.820000,5700,11900,12100,6000,9300,900,300,100,2700,1200,957,891600,11636880,244400,1044100,12.560000,13.890000,0,0,14.420000,11.800000,"",0,0,0,0,0.000000,0,0,0,20240308093251000
000004.SZ,20240308,20240308,93254000,84,13.110000,13.110000,13.230000,12.900000,12.900000,12.910000,12.930000,12.940000,12.950000,12.960000,12.970000,12.980000,12.990000,13.000000,13.020000,5100,4800,17900,6200,800,29800,6800,700,5700,1000,12.900000,12.890000,12.880000,12.870000,12.860000,12.850000,12.830000,12.820000,12.810000,12.800000,12000,6000,9300,900,300,100,2700,1200,9100,15500,983,910000,11874487,232400,1045600,12.530000,13.890000,0,0,14.420000,11.800000,"",0,0,0,0,0.000000,0,0,0,20240308093254000
000004.SZ,20240308,20240308,93257000,84,13.110000,13.110000,13.230000,12.900000,12.900000,12.910000,12.930000,12.940000,12.950000,12.960000,12.970000,12.980000,12.990000,13.000000,13.020000,4800,4900,13100,2300,800,29800,6800,700,5700,1000,12.900000,12.890000,12.880000,12.870000,12.860000,12.850000,12.830000,12.820000,12.810000,12.800000,5600,6000,9300,900,300,100,2700,1200,9100,15500,999,914900,11937701,226100,1038400,12.520000,13.910000,0,0,14.420000,11.800000,"",0,0,0,0,0.000000,0,0,0,20240308093257000
000004.SZ,20240308,20240308,93300000,84,13.110000,13.110000,13.230000,12.890000,12.890000,12.900000,12.910000,12.930000,12.940000,12.950000,12.960000,12.970000,12.980000,12.990000,13.000000,11700,5800,2700,12500,2300,800,29800,6700,700,5700,12.890000,12.880000,12.870000,12.860000,12.850000,12.830000,12.820000,12.810000,12.800000,12.790000,4400,9300,900,300,100,2700,1200,9100,16100,2800,1011,921400,12021542,220000,1051900,12.510000,13.890000,0,0,14.420000,11.800000,"",0,0,0,0,0.000000,0,0,0,20240308093300000
000004.SZ,20240308,20240308,93303000,84,13.110000,13.110000,13.230000,12.880000,12.880000,12.890000,12.900000,12.910000,12.930000,12.940000,12.950000,12.960000,12.970000,12.980000,12.990000,12000,21200,5800,1400,10500,2300,800,30300,6700,700,12.880000,12.870000,12.860000,12.850000,12.830000,12.820000,12.810000,12.800000,12.790000,12.780000,8000,900,300,100,2700,1200,9100,16100,2800,1500,1020,927600,12101452,216800,1072900,12.500000,13.880000,0,0,14.420000,11.800000,"",0,0,0,0,0.000000,0,0,0,20240308093303000
000004.SZ,20240308,20240308,93306000,84,13.110000,13.110000,13.230000,12.880000,12.880000,12.890000,12.900000,12.910000,12.930000,12.940000,12.950000,12.960000,12.970000,12.980000,12.990000,10700,21200,5800,2500,3700,2300,800,30300,6700,600,12.880000,12.870000,12.860000,12.850000,12.830000,12.820000,12.810000,12.800000,12.790000,12.780000,8000,900,300,100,2700,1200,9600,16800,2800,1500,1021,928600,12114332,218900,1066100,12.500000,13.880000,0,0,14.420000,11.800000,"",0,0,0,0,0.000000,0,0,0,20240308093306000
000004.SZ,20240308,20240308,93309000,84,13.110000,13.110000,13.230000,12.850000,12.880000,12.880000,12.890000,12.900000,12.910000,12.930000,12.940000,12.950000,12.960000,12.970000,12.980000,12200,11100,14600,5800,2500,3500,300,800,29800,6700,12.840000,12.830000,12.820000,12.810000,12.800000,12.790000,12.780000,12.770000,12.760000,12.750000,200,2700,1600,9600,20700,2800,1500,3900,3900,700,1044,940100,12262419,218900,1069900,12.490000,13.880000,0,0,14.420000,11.800000,"",0,0,0,0,0.000000,0,0,0,20240308093309000
000004.SZ,20240308,20240308,93312000,84,13.110000,13.110000,13.230000,12.850000,12.880000,12.880000,12.890000,12.900000,12.910000,12.930000,12.940000,12.950000,12.960000,12.970000,12.980000,8300,7900,17100,1100,3100,3500,300,800,29800,13700,12.850000,12.840000,12.830000,12.820000,12.810000,12.800000,12.790000,12.780000,12.770000,12.760000,400,500,2800,1600,9600,21200,2800,1500,3900,3900,1052,950700,12398927,220400,1069600,12.500000,13.880000,0,0,14.420000,11.800000,"",0,0,0,0,0.000000,0,0,0,20240308093312000
000004.SZ,20240308,20240308,93315000,84,13.110000,13.110000,13.230000,12.840000,12.880000,12.880000,12.890000,12.900000,12.910000,12.930000,12.940000,12.950000,12.960000,12.970000,12.980000,7700,10200,15200,1100,3100,3500,300,800,29800,12700,12.870000,12.830000,12.820000,12.810000,12.800000,12.790000,12.780000,12.770000,12.760000,12.750000,100,3000,2500,9700,21200,2800,1500,1200,3900,700,1070,961600,12539042,219100,1068400,12.490000,13.880000,0,0,14.420000,11.800000,"",0,0,0,0,0.000000,0,0,0,20240308093315000
000004.SZ,20240308,20240308,93318000,84,13.110000,13.110000,13.230000,12.840000,12.880000,12.880000,12.890000,12.900000,12.910000,12.930000,12.940000,12.950000,12.960000,12.970000,12.980000,1900,10200,18500,1100,3100,3500,300,800,29800,12700,12.860000,12.840000,12.830000,12.820000,12.810000,12.800000,12.790000,12.780000,12.770000,12.760000,3600,2900,3100,2500,10200,21200,2800,3000,1200,3900,1084,970900,12658643,227900,1066000,12.510000,13.880000,0,0,14.420000,11.800000,"",0,0,0,0,0.000000,0,0,0,20240308093318000
000004.SZ,20240308,20240308,93321000,84,13.110000,13.110000,13.230000,12.840000,12.870000,12.870000,12.880000,12.890000,12.900000,12.910000,12.930000,12.940000,12.950000,12.960000,12.970000,1500,1900,10200,18500,1100,3100,3500,300,800,29800,12.850000,12.830000,12.820000,12.810000,12.800000,12.790000,12.780000,12.770000,12.760000,12.750000,200,3100,2500,10300,21700,2800,2800,1200,3900,700,1088,974000,12698528,224400,1067500,12.500000,13.880000,0,0,14.420000,11.800000,"",0,0,0,0,0.000000,0,0,0,20240308093321000
000004.SZ,20240308,20240308,93324000,84,13.110000,13.110000,13.230000,12.840000,12.870000,12.870000,12.880000,12.890000,12.900000,12.910000,12.930000,12.940000,12.950000,12.960000,12.970000,1500,1900,10200,18500,1100,2800,3500,300,800,29800,12.860000,12.850000,12.830000,12.820000,12.810000,12.800000,12.790000,12.780000,12.770000,12.760000,400,1300,2900,7600,10300,21700,2800,2800,1200,3900,1099,979400,12767999,238700,1064100,12.510000,13.880000,0,0,14.420000,11.800000,"",0,0,0,0,0.000000,0,0,0,20240308093324000
000004.SZ,20240308,20240308,93327000,84,13.110000,13.110000,13.230000,12.840000,12.860000,12.870000,12.880000,12.890000,12.900000,12.910000,12.930000,12.940000,12.950000,12.960000,12.970000,800,2400,10200,18500,1100,2800,3500,300,800,29800,12.860000,12.850000,12.840000,12.830000,12.820000,12.810000,12.800000,12.790000,12.780000,12.770000,3400,2900,100,3100,7600,10300,21800,2800,2800,1200,1110,984700,12836187,244200,1064900,12.520000,13.880000,0,0,14.420000,11.800000,"",0,0,0,0,0.000000,0,0,0,20240308093327000
000004.SZ,20240308,20240308,93330000,84,13.110000,13.110000,13.230000,12.840000,12.860000,12.880000,12.890000,12.900000,12.910000,12.930000,12.940000,12.950000,12.960000,12.970000,12.980000,3000,5800,16400,1100,2800,3500,300,800,29800,12500,12.870000,12.860000,12.850000,12.840000,12.830000,12.820000,12.810000,12.800000,12.790000,12.780000,2800,300,2900,200,3100,9300,10300,23400,2800,2800,1121,988600,12886362,252400,1056400,12.530000,13.890000,0,0,14.420000,11.800000,"",0,0,0,0,0.000000,0,0,0,20240308093330000
000004.SZ,20240308,20240308,93333000,84,13.110000,13.110000,13.230000,12.840000,12.870000,12.890000,12.900000,12.910000,12.930000,12.940000,12.950000,12.960000,12.970000,12.980000,13.000000,5800,16400,1100,1700,3000,300,800,29800,12500,5700,12.860000,12.850000,12.840000,12.830000,12.820000,12.810000,12.800000,12.790000,12.780000,12.770000,200,2700,1000,3100,10800,10600,24400,2800,2800,1200,1144,1013000,13200391,251000,1047200,12.520000,13.900000,0,0,14.420000,11.800000,"",0,0,0,0,0.000000,0,0,0,20240308093333000
000004.SZ,20240308,20240308,93336000,84,13.110000,13.110000,13.230000,12.840000,12.860000,12.880000,12.890000,12.900000,12.910000,12.930000,12.940000,12.950000,12.960000,12.970000,12.980000,4400,4800,16400,1100,1700,3000,300,800,29800,5100,12.860000,12.850000,12.840000,12.830000,12.820000,12.810000,12.800000,12.790000,12.780000,12.770000,100,2700,1300,3100,10800,10500,24400,2800,2800,1300,1154,1022900,13327803,253200,1040700,12.520000,13.900000,0,0,14.420000,11.800000,"",0,0,0,0,0.000000,0,0,0,20240308093336000
000004.SZ,20240308,20240308,93339000,84,13.110000,13.110000,13.230000,12.840000,12.860000,12.860000,12.870000,12.880000,12.890000,12.900000,12.910000,12.930000,12.940000,12.950000,12.960000,2200,4500,3500,4800,12200,1100,1700,3000,300,800,12.850000,12.840000,12.830000,12.820000,12.810000,12.800000,12.790000,12.780000,12.770000,12.760000,2300,1300,3100,10800,10500,24000,2800,2800,1300,6000,1163,1026100,13368967,254000,1045000,12.520000,13.900000,0,0,14.420000,11.800000,"",0,0,0,0,0.000000,0,0,0,20240308093339000
000004.SZ,20240308,20240308,93342000,84,13.110000,13.110000,13.230000,12.840000,12.860000,12.860000,12.870000,12.880000,12.890000,12.900000,12.910000,12.930000,12.940000,12.950000,12.960000,4800,500,3500,4800,12300,1100,1700,300,300,800,12.850000,12.840000,12.830000,12.820000,12.810000,12.800000,12.790000,12.780000,12.770000,12.760000,2300,1400,3100,10800,11000,24500,2800,2800,1300,6000,1179,1032200,13447405,258100,1040900,12.530000,13.900000,0,0,14.420000,11.800000,"",0,0,0,0,0.000000,0,0,0,20240308093342000
000004.SZ,20240308,20240308,93345000,84,13.110000,13.110000,13.230000,12.840000,12.850000,12.850000,12.860000,12.870000,12.880000,12.890000,12.900000,12.910000,12.930000,12.940000,12.950000,4200,4700,500,3500,4800,12300,1100,1700,300,300,12.840000,12.830000,12.820000,12.810000,12.800000,12.790000,12.780000,12.770000,12.760000,12.750000,3400,3100,9900,11000,24500,2800,2800,1300,6000,700,1186,1035500,13489810,256800,1045300,12.520000,13.900000,0,0,14.420000,11.800000,"",0,0,0,0,0.000000,0,0,0,20240308093345000
000004.SZ,20240308,20240308,93348000,84,13.110000,13.110000,13.230000,12.840000,12.850000,12.850000,12.860000,12.870000,12.880000,12.890000,12.900000,12.910000,12.930000,12.940000,12.950000,17200,6300,500,3500,4800,12300,1100,1700,300,300,12.840000,12.830000,12.820000,12.810000,12.800000,12.790000,12.780000,12.770000,12.760000,12.750000,2900,3100,9900,11000,24500,2800,2800,1300,6000,700,1194,1039100,13536065,256300,1054700,12.520000,13.890000,0,0,14.420000,11.800000,"",0,0,0,0,0.000000,0,0,0,20240308093348000
000004.SZ,20240308,20240308,93351000,84,13.110000,13.110000,13.230000,12.840000,12.850000,12.840000,12.850000,12.860000,12.870000,12.880000,12.890000,12.900000,12.910000,12.930000,12.940000,4900,3000,7000,500,3500,4800,9800,1000,1600,300,12.830000,12.820000,12.810000,12.800000,12.790000,12.780000,12.770000,12.760000,12.750000,12.730000,5000,10900,11000,25200,2800,2800,1300,6000,700,400,1209,1056300,13757039,262200,1043400,12.520000,13.900000,0,0,14.420000,11.800000,"",0,0,0,0,0.000000,0,0,0,20240308093351000
000004.SZ,20240308,20240308,93354000,84,13.110000,13.110000,13.230000,12.830000,12.840000,12.840000,12.850000,12.860000,12.870000,12.880000,12.890000,12.900000,12.910000,12.930000,12.940000,13600,1600,6800,500,3500,4800,9800,1000,1600,200,12.820000,12.810000,12.800000,12.790000,12.780000,12.770000,12.760000,12.750000,12.730000,12.720000,10900,11000,25200,2800,3000,1300,6000,700,400,1200,1234,1084400,14117713,258400,1052800,12.510000,13.890000,0,0,14.420000,11.800000,"",0,0,0,0,0.000000,0,0,0,20240308093354000
000004.SZ,20240308,20240308,93357000,84,13.110000,13.110000,13.230000,12.830000,12.840000,12.840000,12.850000,12.860000,12.870000,12.880000,12.890000,12.900000,12.910000,12.930000,12.940000,14900,11100,7200,500,3500,100,5900,1000,1600,200,12.830000,12.820000,12.810000,12.800000,12.790000,12.780000,12.770000,12.760000,12.750000,12.730000,100,9700,11300,28600,2800,3000,1300,6000,700,400,1236,1085400,14130548,263600,1056100,12.520000,13.890000,0,0,14.420000,11.800000,"",0,0,0,0,0.000000,0,0,0,20240308093357000
000004.SZ,20240308,20240308,93400000,84,13.110000,13.110000,13.230000,12.820000,12.820000,12.840000,12.850000,12.860000,12.870000,12.880000,12.890000,12.900000,12.910000,12.930000,12.940000,15400,11500,7000,500,3500,100,5900,1000,1600,200,12.820000,12.810000,12.800000,12.790000,12.780000,12.770000,12.760000,12.750000,12.730000,12.720000,3700,11300,29300,2800,3000,1300,6000,700,400,1200,1249,1098400,14297281,264100,1060000,12.500000,13.890000,0,0,14.420000,11.800000,"",0,0,0,0,0.000000,0,0,0,20240308093400000
000004.SZ,20240308,20240308,93403000,84,13.110000,13.110000,13.230000,12.820000,12.820000,12.830000,12.840000,12.850000,12.860000,12.870000,12.880000,12.890000,12.900000,12.910000,12.930000,700,2000,11500,5500,500,3500,1000,5900,1000,1600,12.820000,12.810000,12.800000,12.790000,12.780000,12.770000,12.760000,12.750000,12.730000,12.720000,700,11300,28900,2800,3000,1300,6000,700,400,1200,1270,1128300,14681019,260700,1042800,12.490000,13.900000,0,0,14.420000,11.800000,"",0,0,0,0,0.000000,0,0,0,20240308093403000
000004.SZ,20240308,20240308,93406000,84,13.110000,13.110000,13.230000,12.810000,12.820000,12.820000,12.830000,12.840000,12.850000,12.860000,12.870000,12.880000,12.890000,12.900000,12.910000,3700,300,2000,11500,5400,500,3500,1000,5900,1000,12.810000,12.800000,12.790000,12.780000,12.770000,12.760000,12.750000,12.730000,12.720000,12.710000,8800,28400,2800,3000,1300,6000,2900,400,1200,3100,1282,1137700,14801510,259800,1036200,12.490000,13.900000,0,0,14.420000,11.800000,"",0,0,0,0,0.000000,0,0,0,20240308093406000
000004.SZ,20240308,20240308,93409000,84,13.110000,13.110000,13.230000,12.810000,12.820000,12.820000,12.830000,12.840000,12.850000,12.860000,12.870000,12.880000,12.890000,12.900000,12.910000,3700,300,2100,11500,5000,500,3500,1000,5900,1000,12.810000,12.800000,12.790000,12.780000,12.770000,12.760000,12.750000,12.730000,12.720000,12.710000,8800,28600,2800,3000,1300,6000,2900,400,1200,3100,1283,1138700,14814330,260100,1033900,12.490000,13.900000,0,0,14.420000,11.800000,"",0,0,0,0,0.000000,0,0,0,20240308093409000
000004.SZ,20240308,20240308,93412000,84,13.110000,13.110000,13.230000,12.810000,12.810000,12.820000,12.830000,12.840000,12.850000,12.860000,12.870000,12.880000,12.890000,12.900000,12.910000,5400,300,2100,10000,3800,500,3500,1000,5900,1000,12.810000,12.800000,12.790000,12.780000,12.770000,12.760000,12.750000,12.730000,12.720000,12.710000,8700,28800,2800,3000,1300,6000,2900,1100,1200,3100,1290,1141700,14852779,260900,1033900,12.490000,13.900000,0,0,14.420000,11.800000,"",0,0,0,0,0.000000,0,0,0,20240308093412000
000004.SZ,20240308,20240308,93415000,84,13.110000,13.110000,13.230000,12.810000,12.820000,12.820000,12.830000,12.840000,12.850000,12.860000,12.870000,12.880000,12.890000,12.900000,12.910000,6900,300,2100,7500,2700,500,3500,1000,9400,1000,12.810000,12.800000,12.790000,12.780000,12.770000,12.760000,12.750000,12.730000,12.720000,12.710000,6800,30100,2800,3000,1300,6000,2900,1100,1200,3300,1296,1145900,14906587,263300,1036000,12.490000,13.900000,0,0,14.420000,11.800000,"",0,0,0,0,0.000000,0,0,0,20240308093415000
000004.SZ,20240308,20240308,93418000,84,13.110000,13.110000,13.230000,12.810000,12.820000,12.820000,12.830000,12.840000,12.850000,12.860000,12.870000,12.880000,12.890000,12.900000,12.910000,4600,300,2100,7500,2600,500,3500,1000,9400,1000,12.810000,12.800000,12.790000,12.780000,12.770000,12.760000,12.750000,12.730000,12.720000,12.710000,2400,31600,2800,3000,1300,6000,3000,1100,1200,3300,1315,1152600,14992437,260500,1033600,12.490000,13.900000,0,0,14.420000,11.800000,"",0,0,0,0,0.000000,0,0,0,20240308093418000
000004.SZ,20240308,20240308,93421000,84,13.110000,13.110000,13.230000,12.800000,12.810000,12.820000,12.830000,12.840000,12.850000,12.860000,12.870000,12.880000,12.890000,12.900000,12.910000,5100,300,2100,7500,2600,500,3500,1000,9400,1000,12.810000,12.800000,12.790000,12.780000,12.770000,12.760000,12.750000,12.740000,12.730000,12.720000,200,21100,2800,3000,1300,6000,3800,100,1100,1200,1341,1169500,15208841,250900,1033800,12.470000,13.900000,0,0,14.420000,11.800000,"",0,0,0,0,0.000000,0,0,0,20240308093421000
000004.SZ,20240308,20240308,93424000,84,13.110000,13.110000,13.230000,12.800000,12.810000,12.820000,12.830000,12.840000,12.850000,12.860000,12.870000,12.880000,12.890000,12.900000,12.910000,1600,300,2100,7500,2600,500,3500,1000,9400,1000,12.810000,12.800000,12.790000,12.780000,12.770000,12.760000,12.750000,12.740000,12.730000,12.720000,1700,21100,2800,3000,1300,6100,3800,100,1100,1200,1358,1177300,15308798,272300,1035300,12.470000,13.900000,0,0,14.420000,11.800000,"",0,0,0,0,0.000000,0,0,0,20240308093424000
000004.SZ,20240308,20240308,93427000,84,13.110000,13.110000,13.230000,12.800000,12.810000,12.810000,12.820000,12.830000,12.840000,12.850000,12.860000,12.870000,12.880000,12.890000,12.900000,3100,2000,1000,2300,7500,2100,500,3500,1000,19000,12.800000,12.790000,12.780000,12.770000,12.760000,12.750000,12.740000,12.730000,12.720000,12.710000,22200,2800,3000,1300,6800,3800,100,1100,1200,3300,1362,1179000,15330575,274900,1048600,12.470000,13.890000,0,0,14.420000,11.800000,"",0,0,0,0,0.000000,0,0,0,20240308093427000
000004.SZ,20240308,20240308,93430000,84,13.110000,13.110000,13.230000,12.800000,12.800000,12.810000,12.820000,12.830000,12.840000,12.850000,12.860000,12.870000,12.880000,12.890000,12.900000,4800,1200,1000,2300,7500,2100,500,3500,1000,19000,12.800000,12.790000,12.780000,12.770000,12.760000,12.750000,12.740000,12.730000,12.720000,12.710000,18900,2800,3000,1300,6800,3800,100,1100,1200,3300,1380,1188200,15448393,273600,1051800,12.460000,13.890000,0,0,14.420000,11.800000,"",0,0,0,0,0.000000,0,0,0,20240308093430000
000004.SZ,20240308,20240308,93433000,84,13.110000,13.110000,13.230000,12.800000,12.810000,12.810000,12.820000,12.830000,12.840000,12.850000,12.860000,12.870000,12.880000,12.890000,12.900000,3700,1200,1000,2300,7500,1500,500,3500,1000,19000,12.800000,12.790000,12.780000,12.770000,12.760000,12.750000,12.740000,12.730000,12.720000,12.710000,13800,2800,3000,1400,7300,6500,100,1100,1200,3300,1391,1194700,15531607,273600,1040900,12.460000,13.880000,0,0,14.420000,11.800000,"",0,0,0,0,0.000000,0,0,0,20240308093433000
000004.SZ,20240308,20240308,93436000,84,13.110000,13.110000,13.230000,12.800000,12.800000,12.800000,12.810000,12.820000,12.830000,12.840000,12.850000,12.860000,12.870000,12.880000,12.890000,700,2300,1200,1000,2300,7100,1500,500,3500,1000,12.790000,12.780000,12.770000,12.760000,12.750000,12.740000,12.730000,12.720000,12.710000,12.700000,2900,3500,1400,7300,6700,100,1100,1200,3300,13900,1426,1210100,15728741,263900,1051900,12.450000,13.880000,0,0,14.420000,11.800000,"",0,0,0,0,0.000000,0,0,0,20240308093436000
000004.SZ,20240308,20240308,93439000,84,13.110000,13.110000,13.230000,12.800000,12.810000,12.820000,12.830000,12.840000,12.850000,12.860000,12.870000,12.880000,12.890000,12.900000,12.910000,2000,1000,2300,7100,1500,500,3500,1000,19000,1000,12.810000,12.800000,12.790000,12.780000,12.770000,12.760000,12.750000,12.740000,12.730000,12.720000,36800,4200,2900,3500,2400,7500,6700,3100,1100,1200,1437,1224900,15918235,313200,1049700,12.490000,13.880000,0,0,14.420000,11.800000,"",0,0,0,0,0.000000,0,0,0,20240308093439000
000004.SZ,20240308,20240308,93442000,84,13.110000,13.110000,13.230000,12.800000,12.810000,12.820000,12.830000,12.840000,12.850000,12.860000,12.870000,12.880000,12.890000,12.900000,12.910000,2000,1000,2300,7100,1500,500,3500,1000,19000,1000,12.810000,12.800000,12.790000,12.780000,12.770000,12.760000,12.750000,12.740000,12.730000,12.720000,24300,6600,3400,3500,2700,7500,6700,3100,1100,1200,1443,1240200,16114228,307400,1049700,12.490000,13.880000,0,0,14.420000,11.800000,"",0,0,0,0,0.000000,0,0,0,20240308093442000
000004.SZ,20240308,20240308,93445000,84,13.110000,13.110000,13.230000,12.800000,12.820000,12.820000,12.830000,12.840000,12.850000,12.860000,12.870000,12.880000,12.890000,12.900000,12.910000,900,1000,2300,100,1500,500,3500,1000,19000,1000,12.810000,12.800000,12.790000,12.780000,12.770000,12.760000,12.750000,12.740000,12.730000,12.720000,19900,9500,3100,3500,2700,7500,6700,3100,1100,1200,1454,1245400,16180851,306700,1042800,12.480000,13.890000,0,0,14.420000,11.800000,"",0,0,0,0,0.000000,0,0,0,20240308093445000
000004.SZ,20240308,20240308,93448000,84,13.110000,13.110000,13.230000,12.800000,12.820000,12.830000,12.860000,12.870000,12.880000,12.890000,12.900000,12.910000,12.930000,12.940000,12.950000,100,1400,500,3500,1000,19000,1000,1600,200,500,12.820000,12.810000,12.800000,12.790000,12.780000,12.770000,12.760000,12.750000,12.740000,12.730000,31500,20800,9200,3100,3000,3200,7500,6700,3100,1100,1466,1250000,16239878,342800,1038900,12.510000,13.890000,0,0,14.420000,11.800000,"",0,0,0,0,0.000000,0,0,0,20240308093448000
000004.SZ,20240308,20240308,93451000,84,13.110000,13.110000,13.230000,12.800000,12.820000,12.860000,12.870000,12.890000,12.900000,12.910000,12.930000,12.940000,12.950000,12.960000,12.970000,1200,500,1000,19000,1000,1600,200,500,1800,29800,12.820000,12.810000,12.800000,12.790000,12.780000,12.770000,12.760000,12.750000,12.740000,12.730000,35600,21700,10600,3100,3000,3200,7500,6700,3100,1100,1474,1253000,16278343,349900,1034000,12.520000,13.890000,0,0,14.420000,11.800000,"",0,0,0,0,0.000000,0,0,0,20240308093451000
000004.SZ,20240308,20240308,93454000,84,13.110000,13.110000,13.230000,12.800000,12.830000,12.860000,12.870000,12.890000,12.900000,12.910000,12.930000,12.940000,12.950000,12.960000,12.970000,3600,500,1000,19000,1000,1600,200,500,1800,29800,12.830000,12.820000,12.810000,12.800000,12.790000,12.780000,12.770000,12.760000,12.750000,12.740000,19600,11000,21900,12400,4300,2800,3200,9000,6700,3100,1480,1282100,16651416,352000,1022400,12.510000,13.900000,0,0,14.420000,11.800000,"",0,0,0,0,0.000000,0,0,0,20240308093454000
000004.SZ,20240308,20240308,93457000,84,13.110000,13.110000,13.230000,12.800000,12.830000,12.860000,12.870000,12.890000,12.900000,12.910000,12.930000,12.940000,12.950000,12.960000,12.970000,3600,500,1000,19000,1000,1600,200,500,1800,29800,12.830000,12.820000,12.810000,12.800000,12.790000,12.780000,12.770000,12.760000,12.750000,12.740000,25900,11500,22300,13400,4800,3800,2900,9000,6700,3100,1481,1282200,16652699,364000,1023000,12.520000,13.900000,0,0,14.420000,11.800000,"",0,0,0,0,0.000000,0,0,0,20240308093457000
000004.SZ,20240308,20240308,93500000,84,13.110000,13.110000,13.230000,12.800000,12.860000,12.860000,12.870000,12.890000,12.900000,12.910000,12.930000,12.940000,12.950000,12.960000,12.970000,2800,500,1000,19000,1000,1600,200,500,1800,29800,12.830000,12.820000,12.810000,12.800000,12.790000,12.780000,12.770000,12.760000,12.750000,12.740000,25100,11400,22100,13500,4800,3800,2900,9000,6700,3100,1485,1283800,16673251,363000,1017200,12.520000,13.910000,0,0,14.420000,11.800000,"",0,0,0,0,0.000000,0,0,0,20240308093500000
000004.SZ,20240308,20240308,93503000,84,13.110000,13.110000,13.230000,12.800000,12.860000,12.860000,12.870000,12.880000,12.890000,12.900000,12.910000,12.930000,12.940000,12.950000,12.960000,400,500,100,2600,19000,1000,1600,200,500,1800,12.840000,12.830000,12.820000,12.810000,12.800000,12.790000,12.780000,12.770000,12.760000,12.750000,500,18000,11600,22100,13500,6000,3800,2900,9000,6700,1492,1289200,16742605,363500,1016500,12.510000,13.910000,0,0,14.420000,11.800000,"",0,0,0,0,0.000000,0,0,0,20240308093503000
000004.SZ,20240308,20240308,93506000,84,13.110000,13.110000,13.230000,12.800000,12.880000,12.890000,12.900000,12.910000,12.930000,12.940000,12.950000,12.960000,12.970000,12.980000,13.000000,1700,19000,1000,1600,200,500,1800,29800,5100,2800,12.880000,12.860000,12.850000,12.840000,12.830000,12.820000,12.810000,12.800000,12.790000,12.780000,500,8900,6900,2600,20000,11600,21900,12400,6000,3800,1501,1291600,16773486,386100,1015600,12.530000,13.910000,0,0,14.420000,11.800000,"",0,0,0,0,0.000000,0,0,0,20240308093506000
000004.SZ,20240308,20240308,93509000,84,13.110000,13.110000,13.230000,12.800000,12.880000,12.880000,12.890000,12.900000,12.910000,12.930000,12.940000,12.950000,12.960000,12.970000,12.980000,2900,1700,9400,1000,1600,200,500,1800,29800,5100,12.860000,12.850000,12.840000,12.830000,12.820000,12.810000,12.800000,12.790000,12.780000,12.770000,23900,6900,2700,20100,5000,21900,12900,6000,3800,2900,1504,1292300,16782502,394200,1009700,12.540000,13.920000,0,0,14.420000,11.800000,"",0,0,0,0,0.000000,0,0,0,20240308093509000
000004.SZ,20240308,20240308,93512000,84,13.110000,13.110000,13.230000,12.800000,12.880000,12.890000,12.900000,12.910000,12.930000,12.940000,12.950000,12.960000,12.970000,12.980000,13.000000,6200,9400,1000,1600,200,500,1800,31200,5100,4300,12.860000,12.850000,12.840000,12.830000,12.820000,12.810000,12.800000,12.790000,12.780000,12.770000,16900,8800,4100,20600,4800,21900,13100,6000,3800,2900,1520,1298900,16867528,388800,1015300,12.530000,13.910000,0,0,14.420000,11.800000,"",0,0,0,0,0.000000,0,0,0,20240308093512000
000004.SZ,20240308,20240308,93515000,84,13.110000,13.110000,13.230000,12.800000,12.890000,12.900000,12.910000,12.930000,12.940000,12.950000,12.960000,12.970000,12.980000,13.000000,13.010000,9400,1000,1600,200,500,2700,31200,5100,4300,500,12.880000,12.870000,12.860000,12.850000,12.840000,12.830000,12.820000,12.810000,12.800000,12.790000,18000,100,10600,8900,2600,20600,4800,21300,15300,5800,1528,1349900,17524918,403600,1012000,12.550000,13.920000,0,0,14.420000,11.800000,"",0,0,0,0,0.000000,0,0,0,20240308093515000
000004.SZ,20240308,20240308,93518000,84,13.110000,13.110000,13.230000,12.800000,12.900000,12.900000,12.910000,12.930000,12.940000,12.950000,12.960000,12.970000,12.980000,13.000000,13.010000,9100,1000,1600,200,500,2700,31200,5100,4300,500,12.890000,12.880000,12.870000,12.860000,12.850000,12.840000,12.830000,12.820000,12.810000,12.800000,800,12900,400,18500,8900,2600,20600,4800,21300,16300,1535,1366900,17744065,408800,1016700,12.550000,13.910000,0,0,14.420000,11.800000,"",0,0,0,0,0.000000,0,0,0,20240308093518000
000004.SZ,20240308,20240308,93521000,84,13.110000,13.110000,13.230000,12.800000,12.900000,12.910000,12.930000,12.940000,12.950000,12.960000,12.970000,12.980000,13.000000,13.010000,13.020000,1000,1600,200,500,2700,31200,5100,4300,500,200,12.900000,12.890000,12.880000,12.870000,12.860000,12.850000,12.840000,12.830000,12.820000,12.810000,3600,1100,22300,400,17700,8900,2600,4500,4800,21300,1544,1376000,17861455,410700,1011000,12.550000,13.920000,0,0,14.420000,11.800000,"",0,0,0,0,0.000000,0,0,0,20240308093521000
000004.SZ,20240308,20240308,93524000,84,13.110000,13.110000,13.230000,12.800000,12.900000,12.930000,12.940000,12.950000,12.960000,12.970000,12.980000,13.000000,13.010000,13.020000,13.030000,1600,200,500,2700,31200,5100,4300,500,200,1400,12.900000,12.890000,12.880000,12.870000,12.860000,12.850000,12.840000,12.830000,12.820000,12.810000,800,1900,19600,400,19900,8900,2600,3500,4800,21300,1560,1391100,18056270,410500,1010000,12.550000,13.920000,0,0,14.420000,11.800000,"",0,0,0,0,0.000000,0,0,0,20240308093524000
000004.SZ,20240308,20240308,93527000,84,13.110000,13.110000,13.230000,12.800000,12.910000,12.930000,12.940000,12.950000,12.960000,12.970000,12.980000,13.000000,13.010000,13.020000,13.030000,1700,300,500,2700,31200,5100,6000,500,200,1400,12.910000,12.900000,12.890000,12.880000,12.870000,12.860000,12.850000,12.840000,12.830000,12.820000,16800,1000,2300,26800,100,13300,8900,2900,3500,4800,1561,1393000,18080799,429300,1011900,12.560000,13.920000,0,0,14.420000,11.800000,"",0,0,0,0,0.000000,0,0,0,20240308093527000
000004.SZ,20240308,20240308,93530000,84,13.110000,13.110000,13.230000,12.800000,12.930000,12.920000,12.930000,12.940000,12.950000,12.960000,12.970000,13.000000,13.010000,13.020000,13.030000,9900,1300,300,400,2700,31200,6000,500,200,1400,12.910000,12.900000,12.890000,12.880000,12.870000,12.860000,12.850000,12.840000,12.830000,12.820000,12800,1800,2500,23000,1700,13300,9400,1800,3500,4700,1565,1394600,18101465,425400,1015800,12.560000,13.920000,0,0,14.420000,11.800000,"",0,0,0,0,0.000000,0,0,0,20240308093530000
000004.SZ,20240308,20240308,93533000,84,13.110000,13.110000,13.230000,12.800000,12.920000,12.920000,12.930000,12.940000,12.950000,12.960000,12.970000,13.000000,13.010000,13.020000,13.030000,2600,1300,300,400,2700,31200,6000,500,200,1700,12.910000,12.900000,12.890000,12.880000,12.870000,12.860000,12.850000,12.840000,12.830000,12.820000,5400,4900,2500,15800,1700,12400,9400,1800,3500,4700,1587,1417900,18402341,412900,1009300,12.550000,13.920000,0,0,14.420000,11.800000,"",0,0,0,0,0.000000,0,0,0,20240308093533000
000004.SZ,20240308,20240308,93536000,84,13.110000,13.110000,13.230000,12.800000,12.950000,12.950000,12.960000,12.970000,13.000000,13.010000,13.020000,13.030000,13.050000,13.110000,13.120000,200,2700,29800,6000,500,200,1700,800,2000,1000,12.920000,12.910000,12.900000,12.890000,12.880000,12.870000,12.860000,12.850000,12.840000,12.830000,12100,4800,4900,2500,13600,1700,12200,9500,1800,3500,1602,1426400,18512210,420900,1003500,12.560000,13.930000,0,0,14.420000,11.800000,"",0,0,0,0,0.000000,0,0,0,20240308093536000
000004.SZ,20240308,20240308,93539000,84,13.110000,13.110000,13.230000,12.800000,12.920000,12.950000,12.960000,12.970000,13.000000,13.010000,13.020000,13.030000,13.050000,13.110000,13.120000,200,2700,29800,6000,500,200,1700,800,2000,1000,12.920000,12.910000,12.900000,12.890000,12.880000,12.870000,12.860000,12.850000,12.840000,12.830000,2700,4900,4900,2500,13600,1700,11600,7700,2600,3500,1611,1438300,18665958,402600,1003500,12.550000,13.930000,0,0,14.420000,11.800000,"",0,0,0,0,0.000000,0,0,0,20240308093539000
000004.SZ,20240308,20240308,93542000,84,13.110000,13.110000,13.230000,12.800000,12.930000,12.930000,12.950000,12.960000,12.970000,13.000000,13.010000,13.020000,13.030000,13.050000,13.110000,100,200,2700,29800,6000,500,200,1700,800,2000,12.920000,12.910000,12.900000,12.890000,12.880000,12.870000,12.860000,12.850000,12.840000,12.830000,1500,4900,4900,1700,13600,1700,11600,7700,2600,3300,1625,1447300,18782378,400300,1004700,12.550000,13.930000,0,0,14.420000,11.800000,"",0,0,0,0,0.000000,0,0,0,20240308093542000
000004.SZ,20240308,20240308,93545000,84,13.110000,13.110000,13.230000,12.800000,12.930000,12.940000,12.950000,12.960000,12.970000,13.000000,13.010000,13.020000,13.030000,13.050000,13.110000,1400,100,4600,29800,6000,500,200,1700,800,2000,12.920000,12.910000,12.900000,12.890000,12.880000,12.870000,12.860000,12.850000,12.840000,12.830000,1400,4900,4900,1700,13600,1700,11400,7700,2600,3300,1635,1452300,18847045,399400,1008500,12.550000,13.930000,0,0,14.420000,11.800000,"",0,0,0,0,0.000000,0,0,0,20240308093545000
000004.SZ,20240308,20240308,93548000,84,13.110000,13.110000,13.230000,12.800000,12.930000,12.940000,12.950000,12.960000,12.970000,13.000000,13.010000,13.020000,13.030000,13.050000,13.110000,1400,100,4600,29800,6000,500,200,1700,800,2000,12.930000,12.910000,12.900000,12.890000,12.880000,12.870000,12.860000,12.850000,12.840000,12.830000,200,4900,4900,3700,13400,1700,10800,7700,2600,3300,1641,1455600,18889699,399100,1008300,12.550000,13.930000,0,0,14.420000,11.800000,"",0,0,0,0,0.000000,0,0,0,20240308093548000
000004.SZ,20240308,20240308,93551000,84,13.110000,13.110000,13.230000,12.800000,12.920000,12.920000,12.930000,12.940000,12.950000,12.960000,12.970000,13.000000,13.010000,13.020000,13.030000,5700,100,300,100,4600,29800,6000,500,200,1700,12.910000,12.900000,12.890000,12.880000,12.870000,12.860000,12.850000,12.840000,12.830000,12.820000,4900,4900,3700,12000,1700,10800,8200,2700,3300,4400,1644,1458300,18924589,398600,1013000,12.550000,13.920000,0,0,14.420000,11.800000,"",0,0,0,0,0.000000,0,0,0,20240308093551000
000004.SZ,20240308,20240308,93554000,84,13.110000,13.110000,13.230000,12.800000,12.900000,12.910000,12.920000,12.930000,12.940000,12.950000,12.960000,12.970000,13.000000,13.010000,13.020000,6000,5000,200,300,100,4600,29800,6000,500,200,12.890000,12.880000,12.870000,12.860000,12.850000,12.840000,12.830000,12.820000,12.810000,12.800000,3700,10000,1700,10600,8200,2700,3300,4400,20500,36600,1657,1469600,19070430,400000,1016900,12.540000,13.920000,0,0,14.420000,11.800000,"",0,0,0,0,0.000000,0,0,0,20240308093554000
000004.SZ,20240308,20240308,93557000,84,13.110000,13.110000,13.230000,12.800000,12.920000,12.920000,12.930000,12.940000,12.950000,12.960000,12.970000,13.000000,13.010000,13.020000,13.030000,11500,1600,1800,200,4600,29800,6000,500,200,1700,12.890000,12.880000,12.870000,12.860000,12.850000,12.840000,12.830000,12.820000,12.810000,12.800000,3700,10000,1700,10600,8500,2700,3300,4400,21400,36600,1665,1482300,19234382,400800,1020400,12.540000,13.910000,0,0,14.420000,11.800000,"",0,0,0,0,0.000000,0,0,0,20240308093557000
000004.SZ,20240308,20240308,93600000,84,13.110000,13.110000,13.230000,12.800000,12.900000,12.900000,12.910000,12.920000,12.930000,12.940000,12.950000,12.960000,12.970000,13.000000,13.010000,5000,7800,11600,1600,1800,200,4600,29800,6000,500,12.880000,12.870000,12.860000,12.850000,12.840000,12.830000,12.820000,12.810000,12.800000,12.790000,10100,1700,10600,8500,2700,3300,4400,21400,36600,5800,1677,1489600,19328485,399000,1036300,12.540000,13.900000,0,0,14.420000,11.800000,"",0,0,0,0,0.000000,0,0,0,20240308093600000
000004.SZ,20240308,20240308,93603000,84,13.110000,13.110000,13.230000,12.800000,12.920000,12.930000,12.940000,12.950000,12.960000,12.970000,13.000000,13.010000,13.020000,13.030000,13.050000,1500,1500,1000,4600,29800,6000,500,200,1700,800,12.920000,12.900000,12.890000,12.880000,12.870000,12.860000,12.850000,12.840000,12.830000,12.820000,18900,300,3000,7400,1700,10600,8500,2700,3300,4400,1693,1523100,19760869,413500,1012300,12.550000,13.920000,0,0,14.420000,11.800000,"",0,0,0,0,0.000000,0,0,0,20240308093603000
000004.SZ,20240308,20240308,93606000,84,13.110000,13.110000,13.230000,12.800000,12.920000,12.930000,12.940000,12.950000,12.960000,12.970000,13.000000,13.010000,13.020000,13.030000,13.050000,700,1500,1000,4600,29800,6000,500,200,1700,800,12.920000,12.910000,12.900000,12.890000,12.880000,12.870000,12.860000,12.850000,12.840000,12.830000,18100,500,600,3000,7200,1700,10600,8500,2700,3300,1695,1523900,19771205,414300,1016500,12.550000,13.920000,0,0,14.420000,11.800000,"",0,0,0,0,0.000000,0,0,0,20240308093606000
000004.SZ,20240308,20240308,93609000,84,13.110000,13.110000,13.230000,12.800000,12.920000,12.930000,12.940000,12.950000,12.960000,12.970000,12.990000,13.000000,13.010000,13.020000,13.030000,1000,1500,1000,4600,29800,1300,6000,500,200,1700,12.920000,12.910000,12.900000,12.890000,12.880000,12.870000,12.860000,12.850000,12.840000,12.830000,12400,500,1500,3000,7200,1700,10600,8500,2700,3300,1700,1529600,19844849,415000,1022600,12.550000,13.920000,0,0,14.420000,11.800000,"",0,0,0,0,0.000000,0,0,0,20240308093609000
000004.SZ,20240308,20240308,93612000,84,13.110000,13.110000,13.230000,12.800000,12.910000,12.910000,12.930000,12.940000,12.950000,12.960000,12.970000,12.990000,13.000000,13.010000,13.020000,1600,1000,1500,1000,4600,29800,1300,6000,500,200,12.900000,12.890000,12.880000,12.870000,12.860000,12.850000,12.840000,12.830000,12.820000,12.810000,1700,3500,7200,1700,10600,8500,2700,3300,4400,21400,1703,1542500,20011512,401200,1024300,12.540000,13.920000,0,0,14.420000,11.800000,"",0,0,0,0,0.000000,0,0,0,20240308093612000
000004.SZ,20240308,20240308,93615000,84,13.110000,13.110000,13.230000,12.800000,12.900000,12.910000,12.920000,12.930000,12.940000,12.950000,12.960000,12.970000,12.990000,13.000000,13.010000,2700,500,1000,1500,2000,4600,29800,1300,6000,500,12.900000,12.890000,12.880000,12.870000,12.860000,12.850000,12.840000,12.830000,12.820000,12.810000,2200,3500,7200,1700,10600,8500,2700,3300,4400,21400,1704,1542600,20012802,401800,1032200,12.540000,13.920000,0,0,14.420000,11.800000,"",0,0,0,0,0.000000,0,0,0,20240308093615000
000004.SZ,20240308,20240308,93618000,84,13.110000,13.110000,13.230000,12.800000,12.900000,12.900000,12.910000,12.920000,12.930000,12.940000,12.950000,12.960000,12.970000,12.990000,13.000000,600,2000,1100,1000,1500,2000,4600,29800,1300,6000,12.890000,12.880000,12.870000,12.860000,12.850000,12.840000,12.830000,12.820000,12.810000,12.800000,3500,7400,1700,10600,8500,2700,3300,4400,21400,35700,1709,1544800,20041182,401200,1032800,12.540000,13.920000,0,0,14.420000,11.800000,"",0,0,0,0,0.000000,0,0,0,20240308093618000
000004.SZ,20240308,20240308,93621000,84,13.110000,13.110000,13.230000,12.800000,12.890000,12.900000,12.910000,12.920000,12.930000,12.940000,12.950000,12.960000,12.970000,12.990000,13.000000,11200,2000,1800,700,1500,2000,4600,29800,1300,6000,12.890000,12.880000,12.870000,12.860000,12.850000,12.840000,12.830000,12.820000,12.810000,12.800000,1600,7400,1700,10600,8500,2700,3300,4200,21400,35700,1712,1547100,20070833,397000,1045800,12.540000,13.910000,0,0,14.420000,11.800000,"",0,0,0,0,0.000000,0,0,0,20240308093621000
000004.SZ,20240308,20240308,93624000,84,13.110000,13.110000,13.230000,12.800000,12.890000,12.890000,12.900000,12.910000,12.920000,12.930000,12.940000,12.950000,12.960000,12.970000,12.990000,2600,11800,2000,1800,700,1500,2000,3400,29800,1300,12.880000,12.870000,12.860000,12.850000,12.840000,12.830000,12.820000,12.810000,12.800000,12.790000,8200,1700,10600,8000,2700,3300,4200,21400,35700,5800,1723,1550000,20108214,395000,1047800,12.530000,13.910000,0,0,14.420000,11.800000,"",0,0,0,0,0.000000,0,0,0,20240308093624000
000004.SZ,20240308,20240308,93627000,84,13.110000,13.110000,13.230000,12.800000,12.880000,12.880000,12.890000,12.900000,12.910000,12.920000,12.930000,12.940000,12.950000,12.960000,12.970000,400,25800,11800,1100,1800,700,1500,2000,3400,29800,12.870000,12.860000,12.850000,12.840000,12.830000,12.820000,12.810000,12.800000,12.790000,12.780000,1700,10600,8000,2700,3300,4200,21400,35700,5800,3800,1738,1559200,20226720,386800,1072700,12.530000,13.880000,0,0,14.420000,11.800000,"",0,0,0,0,0.000000,0,0,0,20240308093627000
000004.SZ,20240308,20240308,93630000,84,13.110000,13.110000,13.230000,12.800000,12.870000,12.880000,12.890000,12.900000,12.910000,12.920000,12.930000,12.940000,12.950000,12.960000,12.970000,2100,26600,11800,1100,1600,700,1500,2000,3400,29800,12.870000,12.860000,12.850000,12.840000,12.830000,12.820000,12.810000,12.800000,12.790000,12.780000,500,11600,7700,2700,3300,4200,21400,37600,5800,3800,1740,1561400,20255034,389700,1077000,12.530000,13.880000,0,0,14.420000,11.800000,"",0,0,0,0,0.000000,0,0,0,20240308093630000
000004.SZ,20240308,20240308,93633000,84,13.110000,13.110000,13.230000,12.800000,12.880000,12.880000,12.890000,12.900000,12.910000,12.920000,12.930000,12.950000,12.960000,12.970000,12.990000,1100,17500,11800,1100,1100,700,1900,3400,29800,1300,12.870000,12.860000,12.850000,12.840000,12.830000,12.820000,12.810000,12.800000,12.790000,12.780000,300,11600,7600,2700,3300,4200,21400,37600,5800,4300,1745,1562600,20270488,386100,1064800,12.530000,13.890000,0,0,14.420000,11.800000,"",0,0,0,0,0.000000,0,0,0,20240308093633000
000004.SZ,20240308,20240308,93636000,84,13.110000,13.110000,13.230000,12.800000,12.870000,12.870000,12.880000,12.890000,12.900000,12.910000,12.920000,12.930000,12.950000,12.960000,12.970000,1500,1900,11900,11400,1100,1100,700,1900,3400,29800,12.860000,12.850000,12.840000,12.830000,12.820000,12.810000,12.800000,12.790000,12.780000,12.770000,9600,7600,2700,3300,4200,21500,38900,5800,4300,3200,1749,1565800,20311652,385200,1061800,12.520000,13.900000,0,0,14.420000,11.800000,"",0,0,0,0,0.000000,0,0,0,20240308093636000
000004.SZ,20240308,20240308,93639000,84,13.110000,13.110000,13.230000,12.800000,12.860000,12.880000,12.890000,12.900000,12.910000,12.920000,12.930000,12.950000,12.960000,12.970000,12.990000,2700,11200,11400,1100,1100,1300,1900,3400,29800,1300,12.860000,12.850000,12.840000,12.830000,12.820000,12.810000,12.800000,12.790000,12.780000,12.770000,9600,7600,2700,3300,4200,21500,39100,5800,4300,3200,1762,1577800,20466177,386000,1070100,12.520000,13.900000,0,0,14.420000,11.800000,"",0,0,0,0,0.000000,0,0,0,20240308093639000
000004.SZ,20240308,20240308,93642000,84,13.110000,13.110000,13.230000,12.800000,12.870000,12.880000,12.890000,12.900000,12.910000,12.920000,12.930000,12.950000,12.960000,12.970000,12.990000,3600,9000,11400,1100,1100,1300,1900,3400,29800,1300,12.870000,12.860000,12.850000,12.840000,12.830000,12.820000,12.810000,12.800000,12.790000,12.780000,4100,11100,7600,2700,3300,4200,21500,38800,5800,4300,1767,1581200,20509935,389100,1068800,12.530000,13.900000,0,0,14.420000,11.800000,"",0,0,0,0,0.000000,0,0,0,20240308093642000
000004.SZ,20240308,20240308,93645000,84,13.110000,13.110000,13.230000,12.800000,12.860000,12.890000,12.900000,12.910000,12.920000,12.930000,12.950000,12.960000,12.970000,12.990000,13.000000,3900,11400,1100,1100,700,1900,3400,29800,1300,6000,12.860000,12.850000,12.840000,12.830000,12.820000,12.810000,12.800000,12.790000,12.780000,12.770000,8800,7600,2700,3300,4200,21500,38700,5800,4300,3200,1776,1600900,20763574,378800,1059500,12.520000,13.910000,0,0,14.420000,11.800000,"",0,0,0,0,0.000000,0,0,0,20240308093645000
000004.SZ,20240308,20240308,93648000,84,13.110000,13.110000,13.230000,12.800000,12.860000,12.870000,12.890000,12.900000,12.910000,12.920000,12.930000,12.950000,12.960000,12.970000,12.990000,5100,3900,1300,1100,1100,700,1900,3400,29800,1300,12.860000,12.850000,12.840000,12.830000,12.820000,12.810000,12.800000,12.790000,12.780000,12.770000,8700,7600,2700,3300,4200,21500,38700,5800,4300,3200,1780,1602000,20777739,382300,1054500,12.520000,13.910000,0,0,14.420000,11.800000,"",0,0,0,0,0.000000,0,0,0,20240308093648000
000004.SZ,20240308,20240308,93651000,84,13.110000,13.110000,13.230000,12.800000,12.870000,12.870000,12.880000,12.890000,12.900000,12.910000,12.920000,12.930000,12.950000,12.960000,12.970000,900,500,700,1300,1100,1100,700,1900,3400,29800,12.860000,12.850000,12.840000,12.830000,12.820000,12.810000,12.800000,12.790000,12.780000,12.770000,7100,7600,1300,3300,4200,21500,39000,5800,4300,3200,1786,1608700,20863952,380400,1048700,12.520000,13.920000,0,0,14.420000,11.800000,"",0,0,0,0,0.000000,0,0,0,20240308093651000
000004.SZ,20240308,20240308,93654000,84,13.110000,13.110000,13.230000,12.800000,12.880000,12.890000,12.900000,12.910000,12.920000,12.930000,12.950000,12.960000,12.970000,12.990000,13.000000,700,1100,1100,1100,700,900,3400,29800,1300,6000,12.880000,12.870000,12.860000,12.850000,12.840000,12.830000,12.820000,12.810000,12.800000,12.790000,1000,4700,7600,7600,1300,3300,4200,21500,39300,5800,1789,1612300,20910311,386200,1045200,12.530000,13.920000,0,0,14.420000,11.800000,"",0,0,0,0,0.000000,0,0,0,20240308093654000
000004.SZ,20240308,20240308,93657000,84,13.110000,13.110000,13.230000,12.800000,12.880000,12.890000,12.900000,12.910000,12.920000,12.930000,12.950000,12.960000,12.970000,12.990000,13.000000,700,1100,1100,1100,1700,900,3400,29800,1300,6000,12.880000,12.870000,12.860000,12.850000,12.840000,12.830000,12.820000,12.810000,12.800000,12.790000,600,4800,9800,7600,1300,3300,4200,21500,39300,4000,1790,1612700,20915463,386400,1048200,12.530000,13.920000,0,0,14.420000,11.800000,"",0,0,0,0,0.000000,0,0,0,20240308093657000
000004.SZ,20240308,20240308,93700000,84,13.110000,13.110000,13.230000,12.800000,12.880000,12.880000,12.890000,12.900000,12.910000,12.920000,12.930000,12.950000,12.960000,12.970000,12.990000,500,700,1100,1100,1100,1600,900,3400,29800,1300,12.870000,12.860000,12.850000,12.840000,12.830000,12.820000,12.810000,12.800000,12.790000,12.780000,100,9800,7600,1300,3300,4200,21500,39300,4000,4300,1791,1613300,20923191,381000,1049400,12.520000,13.920000,0,0,14.420000,11.800000,"",0,0,0,0,0.000000,0,0,0,20240308093700000
000004.SZ,20240308,20240308,93703000,84,13.110000,13.110000,13.230000,12.800000,12.880000,12.880000,12.890000,12.900000,12.910000,12.920000,12.930000,12.950000,12.960000,12.970000,12.990000,4600,700,1100,1100,1100,1600,900,3400,29800,1300,12.870000,12.860000,12.850000,12.840000,12.830000,12.820000,12.810000,12.800000,12.790000,12.780000,100,9300,7600,1300,3300,4200,21500,39800,4000,4300,1791,1613300,20923191,381200,1053800,12.520000,13.910000,0,0,14.420000,11.800000,"",0,0,0,0,0.000000,0,0,0,20240308093703000
000004.SZ,20240308,20240308,93706000,84,13.110000,13.110000,13.230000,12.800000,12.880000,12.880000,12.890000,12.900000,12.910000,12.920000,12.930000,12.950000,12.960000,12.970000,12.990000,6000,100,1100,1100,1100,1400,900,3400,29800,1300,12.870000,12.860000,12.850000,12.840000,12.830000,12.820000,12.810000,12.800000,12.790000,12.780000,1700,9300,7600,3000,3300,4200,21500,39800,4000,4300,1793,1613800,20929631,385000,1054700,12.520000,13.910000,0,0,14.420000,11.800000,"",0,0,0,0,0.000000,0,0,0,20240308093706000
000004.SZ,20240308,20240308,93709000,84,13.110000,13.110000,13.230000,12.800000,12.870000,12.880000,12.890000,12.900000,12.910000,12.920000,12.930000,12.950000,12.960000,12.970000,12.990000,6100,100,1100,1100,1100,1400,900,3400,29800,1300,12.870000,12.860000,12.850000,12.840000,12.830000,12.820000,12.810000,12.800000,12.790000,12.780000,600,10300,7600,3000,3300,4200,21500,39800,4000,4300,1797,1615300,20948936,385300,1054900,12.520000,13.910000,0,0,14.420000,11.800000,"",0,0,0,0,0.000000,0,0,0,20240308093709000
000004.SZ,20240308,20240308,93712000,84,13.110000,13.110000,13.230000,12.800000,12.870000,12.870000,12.880000,12.890000,12.900000,12.910000,12.920000,12.930000,12.950000,12.960000,12.970000,5300,1800,100,1100,1100,1200,1400,900,3400,29800,12.860000,12.850000,12.840000,12.830000,12.820000,12.810000,12.800000,12.790000,12.780000,12.770000,10300,7600,3000,3300,4200,21500,39800,4000,4300,3200,1804,1620000,21009462,386000,1056000,12.520000,13.910000,0,0,14.420000,11.800000,"",0,0,0,0,0.000000,0,0,0,20240308093712000
000004.SZ,20240308,20240308,93715000,84,13.110000,13.110000,13.230000,12.800000,12.870000,12.870000,12.880000,12.890000,12.900000,12.910000,12.920000,12.930000,12.950000,12.960000,12.970000,1500,1800,100,1100,1100,1200,1400,900,3400,29800,12.860000,12.850000,12.840000,12.830000,12.820000,12.810000,12.800000,12.790000,12.780000,12.770000,10300,7600,3000,3300,4200,21500,43400,4000,4300,3200,1809,1624300,21064803,389700,1053200,12.520000,13.910000,0,0,14.420000,11.800000,"",0,0,0,0,0.000000,0,0,0,20240308093715000
000004.SZ,20240308,20240308,93718000,84,13.110000,13.110000,13.230000,12.800000,12.870000,12.870000,12.880000,12.890000,12.900000,12.910000,12.920000,12.930000,12.950000,12.960000,12.970000,1300,1800,100,1100,1100,1200,1400,900,3400,29800,12.860000,12.850000,12.840000,12.830000,12.820000,12.810000,12.800000,12.790000,12.780000,12.770000,600,7600,3000,3500,4200,21500,43400,4000,4300,3200,1824,1634200,21192119,380200,1052600,12.520000,13.910000,0,0,14.420000,11.800000,"",0,0,0,0,0.000000,0,0,0,20240308093718000
000004.SZ,20240308,20240308,93721000,84,13.110000,13.110000,13.230000,12.800000,12.860000,12.860000,12.870000,12.880000,12.890000,12.900000,12.910000,12.920000,12.930000,12.950000,12.960000,300,1200,1800,100,700,1100,1200,1400,900,2900,12.850000,12.840000,12.830000,12.820000,12.810000,12.800000,12.790000,12.780000,12.770000,12.760000,7600,3000,3500,4200,21500,43700,4000,4300,3200,4400,1827,1634900,21201122,381200,1051900,12.520000,13.920000,0,0,14.420000,11.800000,"",0,0,0,0,0.000000,0,0,0,20240308093721000
000004.SZ,20240308,20240308,93724000,84,13.110000,13.110000,13.230000,12.800000,12.860000,12.860000,12.880000,12.890000,12.900000,12.910000,12.920000,12.930000,12.950000,12.960000,12.970000,1300,1800,100,700,1100,1200,800,900,2900,29800,12.850000,12.840000,12.830000,12.820000,12.810000,12.800000,12.790000,12.780000,12.770000,12.760000,2600,3000,3500,4200,21500,43700,4000,4300,3200,4400,1845,1648100,21370860,377200,1052500,12.510000,13.920000,0,0,14.420000,11.800000,"",0,0,0,0,0.000000,0,0,0,20240308093724000
000004.SZ,20240308,20240308,93727000,84,13.110000,13.110000,13.230000,12.800000,12.850000,12.860000,12.880000,12.900000,12.910000,12.920000,12.930000,12.950000,12.960000,12.970000,12.990000,8400,1900,700,1100,1200,800,900,2900,29800,1300,12.850000,12.840000,12.830000,12.820000,12.810000,12.800000,12.790000,12.780000,12.770000,12.760000,2300,3000,3500,4200,21500,43700,4000,4300,3200,4400,1852,1650200,21397863,378100,1059600,12.510000,13.910000,0,0,14.420000,11.800000,"",0,0,0,0,0.000000,0,0,0,20240308093727000
